[gd_scene load_steps=30 format=2]

[ext_resource path="res://cadizBossScript.gd" type="Script" id=1]
[ext_resource path="res://assets/art/characters/aircraft/aircraft1.png" type="Texture" id=2]
[ext_resource path="res://assets/art/characters/aircraft/aircraft2.png" type="Texture" id=3]
[ext_resource path="res://assets/art/characters/explosion/tile000.png" type="Texture" id=4]
[ext_resource path="res://assets/art/characters/explosion/tile001.png" type="Texture" id=5]
[ext_resource path="res://assets/art/characters/explosion/tile002.png" type="Texture" id=6]
[ext_resource path="res://assets/art/characters/explosion/tile003.png" type="Texture" id=7]
[ext_resource path="res://assets/art/characters/explosion/tile004.png" type="Texture" id=8]
[ext_resource path="res://assets/art/characters/explosion/tile005.png" type="Texture" id=9]
[ext_resource path="res://assets/art/characters/explosion/tile006.png" type="Texture" id=10]
[ext_resource path="res://assets/art/characters/explosion/tile007.png" type="Texture" id=11]
[ext_resource path="res://assets/art/characters/explosion/tile008.png" type="Texture" id=12]
[ext_resource path="res://assets/art/characters/explosion/tile009.png" type="Texture" id=13]
[ext_resource path="res://assets/art/characters/explosion/tile010.png" type="Texture" id=14]
[ext_resource path="res://assets/art/characters/explosion/tile011.png" type="Texture" id=15]
[ext_resource path="res://assets/art/characters/explosion/tile012.png" type="Texture" id=16]
[ext_resource path="res://assets/art/characters/explosion/tile013.png" type="Texture" id=17]
[ext_resource path="res://assets/art/characters/explosion/tile014.png" type="Texture" id=18]
[ext_resource path="res://assets/art/characters/explosion/tile015.png" type="Texture" id=19]
[ext_resource path="res://assets/art/characters/explosion/tile016.png" type="Texture" id=20]
[ext_resource path="res://assets/art/characters/explosion/tile017.png" type="Texture" id=21]
[ext_resource path="res://assets/art/characters/explosion/tile018.png" type="Texture" id=22]
[ext_resource path="res://assets/art/characters/explosion/tile019.png" type="Texture" id=23]
[ext_resource path="res://assets/art/characters/explosion/tile020.png" type="Texture" id=24]
[ext_resource path="res://assets/art/characters/explosion/tile021.png" type="Texture" id=25]
[ext_resource path="res://assets/art/characters/explosion/tile022.png" type="Texture" id=26]
[ext_resource path="res://bossSounds.gd" type="Script" id=27]

[sub_resource type="SpriteFrames" id=1]

animations = [ {
"frames": [ ExtResource( 2 ), ExtResource( 3 ) ],
"loop": true,
"name": "default",
"speed": 1.0
}, {
"frames": [ ExtResource( 4 ), ExtResource( 5 ), ExtResource( 6 ), ExtResource( 7 ), ExtResource( 8 ), ExtResource( 9 ), ExtResource( 10 ), ExtResource( 11 ), ExtResource( 12 ), ExtResource( 13 ), ExtResource( 14 ), ExtResource( 15 ), ExtResource( 16 ), ExtResource( 17 ), ExtResource( 18 ), ExtResource( 19 ), ExtResource( 20 ), ExtResource( 21 ), ExtResource( 22 ), ExtResource( 23 ), ExtResource( 24 ), ExtResource( 25 ), ExtResource( 26 ) ],
"loop": true,
"name": "dead",
"speed": 5.0
} ]

[sub_resource type="RectangleShape2D" id=2]

custom_solver_bias = 0.0
extents = Vector2( 10.6737, 10 )

[node name="Boss" type="StaticBody2D"]

z_index = 550
input_pickable = false
collision_layer = 1
collision_mask = 1
constant_linear_velocity = Vector2( 0, 0 )
constant_angular_velocity = 0.0
friction = 1.0
bounce = 0.0
script = ExtResource( 1 )
_sections_unfolded = [ "Transform", "Visibility", "Z Index" ]

[node name="Label" type="Label" parent="." index="0"]

anchor_left = 0.0
anchor_top = 0.0
anchor_right = 0.0
anchor_bottom = 0.0
margin_right = 40.0
margin_bottom = 14.0
rect_pivot_offset = Vector2( 0, 0 )
rect_clip_content = false
mouse_filter = 2
mouse_default_cursor_shape = 0
size_flags_horizontal = 1
size_flags_vertical = 4
text = "left"
percent_visible = 1.0
lines_skipped = 0
max_lines_visible = -1

[node name="Sprite" type="AnimatedSprite" parent="." index="1"]

scale = Vector2( 1.79386, 1.98261 )
frames = SubResource( 1 )
animation = "default"
frame = 1
playing = true
_sections_unfolded = [ "Transform" ]

[node name="CollisionShape2D" type="CollisionShape2D" parent="." index="2"]

visible = false
position = Vector2( 10, 50 )
scale = Vector2( 36.5385, 5.11538 )
shape = SubResource( 2 )

[node name="bossSounds" type="AudioStreamPlayer" parent="." index="3"]

stream = null
volume_db = 0.0
pitch_scale = 1.0
autoplay = false
mix_target = 0
bus = "Master"
script = ExtResource( 27 )

[node name="bossFX" type="AudioStreamPlayer" parent="." index="4"]

stream = null
volume_db = 0.0
pitch_scale = 1.0
autoplay = false
mix_target = 0
bus = "Master"
script = ExtResource( 27 )


