[gd_scene load_steps=44 format=2]

[ext_resource path="res://demo.gd" type="Script" id=1]
[ext_resource path="res://assets/art/characters/bubble.png" type="Texture" id=2]
[ext_resource path="res://assets/art/characters/girl/Idle (1).png" type="Texture" id=3]
[ext_resource path="res://assets/art/characters/girl/Idle (2).png" type="Texture" id=4]
[ext_resource path="res://assets/art/characters/girl/Idle (3).png" type="Texture" id=5]
[ext_resource path="res://assets/art/characters/girl/Idle (4).png" type="Texture" id=6]
[ext_resource path="res://assets/art/characters/girl/Idle (5).png" type="Texture" id=7]
[ext_resource path="res://assets/art/characters/girl/Idle (6).png" type="Texture" id=8]
[ext_resource path="res://assets/art/characters/girl/Idle (7).png" type="Texture" id=9]
[ext_resource path="res://assets/art/characters/girl/Idle (8).png" type="Texture" id=10]
[ext_resource path="res://assets/art/characters/girl/Idle (9).png" type="Texture" id=11]
[ext_resource path="res://assets/art/characters/girl/Idle (10).png" type="Texture" id=12]
[ext_resource path="res://assets/art/characters/girl/Idle (11).png" type="Texture" id=13]
[ext_resource path="res://assets/art/characters/girl/Idle (12).png" type="Texture" id=14]
[ext_resource path="res://assets/art/characters/girl/Idle (13).png" type="Texture" id=15]
[ext_resource path="res://assets/art/characters/girl/Idle (14).png" type="Texture" id=16]
[ext_resource path="res://assets/art/characters/girl/Idle (15).png" type="Texture" id=17]
[ext_resource path="res://assets/art/characters/girl/Idle (16).png" type="Texture" id=18]
[ext_resource path="res://assets/art/characters/ivan/Idle (1).png" type="Texture" id=19]
[ext_resource path="res://assets/art/characters/ivan/Idle (2).png" type="Texture" id=20]
[ext_resource path="res://assets/art/characters/ivan/Idle (3).png" type="Texture" id=21]
[ext_resource path="res://assets/art/characters/ivan/Idle (4).png" type="Texture" id=22]
[ext_resource path="res://assets/art/characters/ivan/Idle (5).png" type="Texture" id=23]
[ext_resource path="res://assets/art/characters/ivan/Idle (6).png" type="Texture" id=24]
[ext_resource path="res://assets/art/characters/ivan/Idle (7).png" type="Texture" id=25]
[ext_resource path="res://assets/art/characters/ivan/Idle (8).png" type="Texture" id=26]
[ext_resource path="res://assets/art/characters/ivan/Idle (9).png" type="Texture" id=27]
[ext_resource path="res://assets/art/characters/ivan/Idle (10).png" type="Texture" id=28]
[ext_resource path="res://assets/art/characters/ivan/Idle (11).png" type="Texture" id=29]
[ext_resource path="res://assets/art/characters/ivan/Idle (12).png" type="Texture" id=30]
[ext_resource path="res://assets/art/characters/ivan/Idle (13).png" type="Texture" id=31]
[ext_resource path="res://assets/art/characters/ivan/Idle (14).png" type="Texture" id=32]
[ext_resource path="res://assets/art/characters/ivan/Idle (15).png" type="Texture" id=33]
[ext_resource path="res://assets/fonts/MrBubbleFont.ttf" type="DynamicFontData" id=34]
[ext_resource path="res://assets/art/return.png" type="Texture" id=35]
[ext_resource path="res://bubblesounds.gd" type="Script" id=36]
[ext_resource path="res://assets/music/menumusic.ogg" type="AudioStream" id=37]

[sub_resource type="Gradient" id=1]

offsets = PoolRealArray( 0.00591716, 0.994083, 1 )
colors = PoolColorArray( 0.753052, 0.877752, 0.96875, 1, 0.00382996, 0.568449, 0.980469, 1, 1, 1, 1, 1 )

[sub_resource type="GradientTexture" id=2]

flags = 4
gradient = SubResource( 1 )
width = 2048

[sub_resource type="SpriteFrames" id=3]

animations = [ {
"frames": [ ExtResource( 3 ), ExtResource( 4 ), ExtResource( 5 ), ExtResource( 6 ), ExtResource( 7 ), ExtResource( 8 ), ExtResource( 9 ), ExtResource( 10 ), ExtResource( 11 ), ExtResource( 12 ), ExtResource( 13 ), ExtResource( 14 ), ExtResource( 15 ), ExtResource( 16 ), ExtResource( 17 ), ExtResource( 18 ) ],
"loop": true,
"name": "default",
"speed": 15.0
} ]

[sub_resource type="SpriteFrames" id=4]

animations = [ {
"frames": [ ExtResource( 19 ), ExtResource( 20 ), ExtResource( 21 ), ExtResource( 22 ), ExtResource( 23 ), ExtResource( 24 ), ExtResource( 25 ), ExtResource( 26 ), ExtResource( 27 ), ExtResource( 28 ), ExtResource( 29 ), ExtResource( 30 ), ExtResource( 31 ), ExtResource( 32 ), ExtResource( 33 ) ],
"loop": true,
"name": "default",
"speed": 15.0
} ]

[sub_resource type="DynamicFont" id=5]

size = 40
use_mipmaps = false
use_filter = true
font_data = ExtResource( 34 )
_sections_unfolded = [ "Extra Spacing", "Font", "Settings" ]

[sub_resource type="Theme" id=6]

default_font = SubResource( 5 )

[node name="DemoScreen" type="Node2D" index="0"]

script = ExtResource( 1 )

[node name="CanvasLayer" type="CanvasLayer" parent="." index="0"]

layer = 1
offset = Vector2( 0, 0 )
rotation = 0.0
scale = Vector2( 1, 1 )
transform = Transform2D( 1, 0, 0, 1, 0, 0 )

[node name="Control" type="Control" parent="CanvasLayer" index="0"]

anchor_left = 0.0
anchor_top = 0.0
anchor_right = 0.0
anchor_bottom = 0.0
margin_left = 892.0
margin_top = 7.0
margin_right = 1020.0
margin_bottom = 132.0
rect_pivot_offset = Vector2( 0, 0 )
rect_clip_content = false
mouse_filter = 0
mouse_default_cursor_shape = 0
size_flags_horizontal = 1
size_flags_vertical = 1

[node name="Sprite" type="Sprite" parent="." index="1"]

position = Vector2( 526.777, 251.37 )
scale = Vector2( 0.534341, 866.721 )
z_index = -15
texture = SubResource( 2 )
_sections_unfolded = [ "Z Index" ]

[node name="Sprite2" type="Sprite" parent="." index="2"]

position = Vector2( 885.904, 122.57 )
scale = Vector2( 1.13933, 1.09584 )
z_index = -1
texture = ExtResource( 2 )
_sections_unfolded = [ "Z Index" ]

[node name="Sprite3" type="Sprite" parent="." index="3"]

modulate = Color( 0.789063, 0.329803, 0.329803, 1 )
position = Vector2( 100.6, 84.9615 )
scale = Vector2( 0.764923, 0.709404 )
texture = ExtResource( 2 )
_sections_unfolded = [ "Visibility" ]

[node name="Sprite4" type="Sprite" parent="." index="4"]

modulate = Color( 0.329803, 0.789063, 0.347743, 1 )
position = Vector2( 341.18, 499.5 )
scale = Vector2( 0.764923, 0.709404 )
texture = ExtResource( 2 )
_sections_unfolded = [ "Visibility" ]

[node name="Sprite5" type="Sprite" parent="." index="5"]

modulate = Color( 0.329803, 0.347743, 0.789063, 1 )
position = Vector2( 529.943, 212.654 )
scale = Vector2( 0.764923, 0.709404 )
texture = ExtResource( 2 )
_sections_unfolded = [ "Visibility" ]

[node name="AnimatedSprite" type="AnimatedSprite" parent="." index="6"]

position = Vector2( 170.206, 375.881 )
frames = SubResource( 3 )
animation = "default"
frame = 7
playing = true
_sections_unfolded = [ "Z Index" ]

[node name="AnimatedSprite2" type="AnimatedSprite" parent="." index="7"]

position = Vector2( 893.798, 355.525 )
frames = SubResource( 4 )
animation = "default"
frame = 12
playing = true
flip_h = true
_sections_unfolded = [ "Z Index" ]

[node name="Label" type="Label" parent="." index="8"]

modulate = Color( 0.855469, 0.527541, 0.0634918, 1 )
anchor_left = 0.0
anchor_top = 0.0
anchor_right = 0.0
anchor_bottom = 0.0
margin_top = 1.0
margin_right = 1024.0
margin_bottom = 204.0
rect_pivot_offset = Vector2( 0, 0 )
rect_clip_content = false
mouse_filter = 2
mouse_default_cursor_shape = 0
size_flags_horizontal = 1
size_flags_vertical = 4
theme = SubResource( 6 )
text = "DEMO_HEADER"
align = 1
percent_visible = 1.0
lines_skipped = 0
max_lines_visible = -1
_sections_unfolded = [ "Theme", "Visibility" ]

[node name="Label2" type="Label" parent="." index="9"]

modulate = Color( 0.835938, 0.672107, 0.0293884, 1 )
anchor_left = 0.0
anchor_top = 0.0
anchor_right = 0.0
anchor_bottom = 0.0
margin_left = 4.0
margin_top = 91.0
margin_right = 1023.0
margin_bottom = 176.0
rect_pivot_offset = Vector2( 0, 0 )
rect_clip_content = false
mouse_filter = 2
mouse_default_cursor_shape = 0
size_flags_horizontal = 1
size_flags_vertical = 4
theme = SubResource( 6 )
text = "DEMO_1"
autowrap = true
percent_visible = 1.0
lines_skipped = 0
max_lines_visible = -1
_sections_unfolded = [ "Theme", "Visibility" ]

[node name="Label3" type="Label" parent="." index="10"]

modulate = Color( 0.78125, 0.186157, 0.716162, 1 )
anchor_left = 0.0
anchor_top = 0.0
anchor_right = 0.0
anchor_bottom = 0.0
margin_top = 185.0
margin_right = 1023.0
margin_bottom = 270.0
rect_pivot_offset = Vector2( 0, 0 )
rect_clip_content = false
mouse_filter = 2
mouse_default_cursor_shape = 0
size_flags_horizontal = 1
size_flags_vertical = 4
theme = SubResource( 6 )
text = "DEMO_2"
autowrap = true
percent_visible = 1.0
lines_skipped = 0
max_lines_visible = -1
_sections_unfolded = [ "Theme", "Visibility" ]

[node name="Label4" type="Label" parent="." index="11"]

modulate = Color( 0.0137787, 0.480932, 0.503906, 1 )
anchor_left = 0.0
anchor_top = 0.0
anchor_right = 0.0
anchor_bottom = 0.0
margin_top = 286.0
margin_right = 1022.0
margin_bottom = 371.0
rect_pivot_offset = Vector2( 0, 0 )
rect_clip_content = false
mouse_filter = 2
mouse_default_cursor_shape = 0
size_flags_horizontal = 1
size_flags_vertical = 4
theme = SubResource( 6 )
text = "DEMO_3"
autowrap = true
percent_visible = 1.0
lines_skipped = 0
max_lines_visible = -1
_sections_unfolded = [ "Theme", "Visibility" ]

[node name="Label5" type="Label" parent="." index="12"]

modulate = Color( 0.489034, 0.0313416, 0.617188, 1 )
anchor_left = 0.0
anchor_top = 0.0
anchor_right = 0.0
anchor_bottom = 0.0
margin_left = 3.0
margin_top = 523.0
margin_right = 1022.0
margin_bottom = 608.0
rect_pivot_offset = Vector2( 0, 0 )
rect_clip_content = false
mouse_filter = 2
mouse_default_cursor_shape = 0
size_flags_horizontal = 1
size_flags_vertical = 4
theme = SubResource( 6 )
text = "DEMO_4"
align = 1
percent_visible = 1.0
lines_skipped = 0
max_lines_visible = -1
_sections_unfolded = [ "Theme", "Visibility" ]

[node name="Sprite6" type="Sprite" parent="." index="13"]

position = Vector2( 956.331, 64.3792 )
scale = Vector2( 0.613062, 0.656075 )
texture = ExtResource( 35 )

[node name="menuSounds" type="AudioStreamPlayer" parent="." index="14"]

stream = null
volume_db = 0.0
pitch_scale = 1.0
autoplay = false
mix_target = 0
bus = "Master"
script = ExtResource( 36 )

[node name="menuMusic" type="AudioStreamPlayer" parent="." index="15"]

stream = ExtResource( 37 )
volume_db = 0.0
pitch_scale = 1.0
autoplay = false
mix_target = 0
bus = "Master"


