[gd_scene load_steps=23 format=2]

[ext_resource path="res://howto.gd" type="Script" id=1]
[ext_resource path="res://assets/art/characters/girl/Dead (26).png" type="Texture" id=2]
[ext_resource path="res://assets/art/characters/girl/Dead (27).png" type="Texture" id=3]
[ext_resource path="res://assets/art/characters/girl/Dead (28).png" type="Texture" id=4]
[ext_resource path="res://assets/art/characters/girl/Dead (29).png" type="Texture" id=5]
[ext_resource path="res://assets/art/characters/girl/Dead (30).png" type="Texture" id=6]
[ext_resource path="res://assets/art/menu/title.png" type="Texture" id=7]
[ext_resource path="res://assets/art/characters/bubble.png" type="Texture" id=8]
[ext_resource path="res://assets/fonts/bubble & soap.ttf" type="DynamicFontData" id=9]
[ext_resource path="res://bubblesounds.gd" type="Script" id=10]
[ext_resource path="res://assets/music/menumusic.ogg" type="AudioStream" id=11]
[ext_resource path="res://assets/fonts/Digital_tech.otf" type="DynamicFontData" id=12]
[ext_resource path="res://assets/art/gamepad.png" type="Texture" id=13]
[ext_resource path="res://assets/art/keyboard.png" type="Texture" id=14]
[ext_resource path="res://assets/art/mobile.png" type="Texture" id=15]

[sub_resource type="Gradient" id=1]

offsets = PoolRealArray( 0.0236686, 1 )
colors = PoolColorArray( 0.00610352, 0.0506783, 0.15625, 1, 1, 1, 1, 1 )

[sub_resource type="GradientTexture" id=2]

flags = 4
gradient = SubResource( 1 )
width = 2048

[sub_resource type="SpriteFrames" id=3]

animations = [ {
"frames": [ ExtResource( 2 ), ExtResource( 3 ), ExtResource( 4 ), ExtResource( 5 ), ExtResource( 6 ), ExtResource( 5 ), ExtResource( 4 ), ExtResource( 3 ) ],
"loop": true,
"name": "default",
"speed": 3.0
} ]

[sub_resource type="DynamicFont" id=4]

size = 40
use_mipmaps = false
use_filter = false
font_data = ExtResource( 9 )
_sections_unfolded = [ "Font", "Settings" ]

[sub_resource type="Theme" id=5]

default_font = SubResource( 4 )

[sub_resource type="DynamicFont" id=6]

size = 50
use_mipmaps = false
use_filter = false
font_data = ExtResource( 12 )
_sections_unfolded = [ "Font", "Settings" ]

[sub_resource type="Theme" id=7]

default_font = SubResource( 6 )

[node name="Menu" type="Node2D" index="0"]

position = Vector2( 6.10352e-005, 1.50732 )
script = ExtResource( 1 )
__meta__ = {
"_edit_horizontal_guides_": [  ]
}

[node name="ui" type="CanvasLayer" parent="." index="0"]

layer = 1
offset = Vector2( 0, 0 )
rotation = 0.0
scale = Vector2( 1, 1 )
transform = Transform2D( 1, 0, 0, 1, 0, 0 )

[node name="TouchControl" type="Control" parent="ui" index="0"]

anchor_left = 0.0
anchor_top = 0.0
anchor_right = 0.0
anchor_bottom = 0.0
margin_left = 190.0
margin_top = 127.0
margin_right = 707.0
margin_bottom = 536.0
rect_pivot_offset = Vector2( 0, 0 )
rect_clip_content = false
mouse_filter = 0
mouse_default_cursor_shape = 0
size_flags_horizontal = 1
size_flags_vertical = 1

[node name="background" type="Sprite" parent="." index="1"]

position = Vector2( 516.43, 287.221 )
rotation = 1.57524
scale = Vector2( 0.360117, 1238.51 )
texture = SubResource( 2 )

[node name="AnimatedSprite" type="AnimatedSprite" parent="." index="2"]

position = Vector2( 400.68, 210.973 )
rotation = -0.181677
z_index = 1000
frames = SubResource( 3 )
animation = "default"
frame = 1
playing = true
centered = false
_sections_unfolded = [ "Z Index" ]

[node name="title" type="Sprite" parent="." index="3"]

position = Vector2( 486.022, 53.4457 )
z_index = 100
texture = ExtResource( 7 )
_sections_unfolded = [ "Z Index" ]

[node name="menuBubbles" type="Node2D" parent="." index="4"]

editor/display_folded = true

[node name="bubble1" type="Sprite" parent="menuBubbles" index="0"]

modulate = Color( 0.738281, 0.461426, 0.461426, 0.491686 )
position = Vector2( 99.0187, 94.4802 )
scale = Vector2( 1.01432, 1.0286 )
texture = ExtResource( 8 )
_sections_unfolded = [ "Visibility" ]

[node name="bubble2" type="Sprite" parent="menuBubbles" index="1"]

modulate = Color( 0.738281, 0.461426, 0.65609, 0.491686 )
position = Vector2( 734.684, 327.47 )
scale = Vector2( 0.840656, 0.889422 )
texture = ExtResource( 8 )
_sections_unfolded = [ "Visibility" ]

[node name="bubble3" type="Sprite" parent="menuBubbles" index="2"]

modulate = Color( 0.502522, 0.461426, 0.738281, 0.491686 )
position = Vector2( 909.89, 87.7995 )
scale = Vector2( 0.507702, 0.516416 )
texture = ExtResource( 8 )
_sections_unfolded = [ "Visibility" ]

[node name="bubble4" type="Sprite" parent="menuBubbles" index="3"]

modulate = Color( 0.461426, 0.738281, 0.621483, 0.491686 )
position = Vector2( 59.0967, 551.073 )
scale = Vector2( 0.690341, 0.723744 )
texture = ExtResource( 8 )
_sections_unfolded = [ "Visibility" ]

[node name="Options" type="Node2D" parent="." index="5"]

[node name="Back" type="Button" parent="Options" index="0"]

modulate = Color( 0.736752, 0.672607, 0.742188, 1 )
self_modulate = Color( 0.929688, 0.759003, 0.903018, 1 )
show_behind_parent = true
anchor_left = 0.0
anchor_top = 0.0
anchor_right = 0.0
anchor_bottom = 0.0
margin_left = 260.0
margin_top = 534.0
margin_right = 640.0
margin_bottom = 598.0
rect_pivot_offset = Vector2( 0, 0 )
rect_clip_content = false
focus_mode = 2
mouse_filter = 0
mouse_default_cursor_shape = 0
size_flags_horizontal = 1
size_flags_vertical = 1
theme = SubResource( 5 )
toggle_mode = false
enabled_focus_mode = 2
shortcut = null
group = null
text = "KEY_BACK"
flat = false
align = 1
_sections_unfolded = [ "Theme", "Visibility" ]

[node name="Control" type="Control" parent="Options/Back" index="0"]

anchor_left = 0.0
anchor_top = 0.0
anchor_right = 0.0
anchor_bottom = 0.0
margin_left = -1.0
margin_top = -2.0
margin_right = 380.0
margin_bottom = 89.0
rect_pivot_offset = Vector2( 0, 0 )
rect_clip_content = false
mouse_filter = 0
mouse_default_cursor_shape = 0
size_flags_horizontal = 1
size_flags_vertical = 1

[node name="menuSounds" type="AudioStreamPlayer" parent="." index="6"]

stream = null
volume_db = 0.0
pitch_scale = 1.0
autoplay = false
mix_target = 0
bus = "Master"
script = ExtResource( 10 )

[node name="menuMusic" type="AudioStreamPlayer" parent="." index="7"]

stream = ExtResource( 11 )
volume_db = 0.0
pitch_scale = 1.0
autoplay = false
mix_target = 0
bus = "Master"

[node name="HowTo" type="Node2D" parent="." index="8"]

[node name="Label" type="Label" parent="HowTo" index="0"]

anchor_left = 0.0
anchor_top = 0.0
anchor_right = 0.0
anchor_bottom = 0.0
margin_left = 340.0
margin_top = 101.0
margin_right = 581.0
margin_bottom = 154.0
rect_pivot_offset = Vector2( 0, 0 )
rect_clip_content = false
mouse_filter = 2
mouse_default_cursor_shape = 0
size_flags_horizontal = 1
size_flags_vertical = 4
theme = SubResource( 7 )
text = "KEY_HOWTO"
percent_visible = 1.0
lines_skipped = 0
max_lines_visible = -1
_sections_unfolded = [ "Theme" ]

[node name="Desktop" type="Node2D" parent="HowTo" index="1"]

visible = false

[node name="Gamepad" type="Sprite" parent="HowTo/Desktop" index="0"]

editor/display_folded = true
position = Vector2( 269.26, 353.337 )
scale = Vector2( 0.764487, 0.699744 )
texture = ExtResource( 13 )

[node name="shot" type="Label" parent="HowTo/Desktop/Gamepad" index="0"]

modulate = Color( 0.8125, 0.52993, 0.32373, 1 )
anchor_left = 0.0
anchor_top = 0.0
anchor_right = 0.0
anchor_bottom = 0.0
margin_left = 97.0
margin_top = 96.0
margin_right = 311.0
margin_bottom = 149.0
rect_pivot_offset = Vector2( 0, 0 )
rect_clip_content = false
mouse_filter = 2
mouse_default_cursor_shape = 0
size_flags_horizontal = 1
size_flags_vertical = 4
theme = SubResource( 7 )
text = "KEY_SHOT"
percent_visible = 1.0
lines_skipped = 0
max_lines_visible = -1
_sections_unfolded = [ "Theme" ]

[node name="Accept" type="Label" parent="HowTo/Desktop/Gamepad" index="1"]

modulate = Color( 0.8125, 0.52993, 0.32373, 1 )
anchor_left = 0.0
anchor_top = 0.0
anchor_right = 0.0
anchor_bottom = 0.0
margin_left = -179.0
margin_top = 171.0
margin_right = 89.0
margin_bottom = 224.0
rect_pivot_offset = Vector2( 0, 0 )
rect_clip_content = false
mouse_filter = 2
mouse_default_cursor_shape = 0
size_flags_horizontal = 1
size_flags_vertical = 4
theme = SubResource( 7 )
text = "KEY_ACCEPT"
percent_visible = 1.0
lines_skipped = 0
max_lines_visible = -1
_sections_unfolded = [ "Theme" ]

[node name="Move" type="Label" parent="HowTo/Desktop/Gamepad" index="2"]

modulate = Color( 0.8125, 0.52993, 0.32373, 1 )
anchor_left = 0.0
anchor_top = 0.0
anchor_right = 0.0
anchor_bottom = 0.0
margin_left = -341.0
margin_top = 101.0
margin_right = -73.0
margin_bottom = 154.0
rect_pivot_offset = Vector2( 0, 0 )
rect_clip_content = false
mouse_filter = 2
mouse_default_cursor_shape = 0
size_flags_horizontal = 1
size_flags_vertical = 4
theme = SubResource( 7 )
text = "KEY_MOVE"
percent_visible = 1.0
lines_skipped = 0
max_lines_visible = -1
_sections_unfolded = [ "Theme" ]

[node name="Pause" type="Label" parent="HowTo/Desktop/Gamepad" index="3"]

modulate = Color( 0.8125, 0.52993, 0.32373, 1 )
anchor_left = 0.0
anchor_top = 0.0
anchor_right = 0.0
anchor_bottom = 0.0
margin_left = -165.0
margin_top = -250.0
margin_right = 103.0
margin_bottom = -197.0
rect_pivot_offset = Vector2( 0, 0 )
rect_clip_content = false
mouse_filter = 2
mouse_default_cursor_shape = 0
size_flags_horizontal = 1
size_flags_vertical = 4
theme = SubResource( 7 )
text = "KEY_PAUSE"
percent_visible = 1.0
lines_skipped = 0
max_lines_visible = -1
_sections_unfolded = [ "Theme" ]

[node name="Keyboard" type="Sprite" parent="HowTo/Desktop" index="1"]

position = Vector2( 771.687, 329.577 )
scale = Vector2( 0.79142, 0.98833 )
z_index = 1000
texture = ExtResource( 14 )
_sections_unfolded = [ "Z Index" ]

[node name="shot2" type="Label" parent="HowTo/Desktop/Keyboard" index="0"]

modulate = Color( 0.660156, 0.363481, 0.146988, 1 )
anchor_left = 0.0
anchor_top = 0.0
anchor_right = 0.0
anchor_bottom = 0.0
margin_left = -199.0
margin_top = 142.0
margin_right = 15.0
margin_bottom = 195.0
rect_pivot_offset = Vector2( 0, 0 )
rect_clip_content = false
mouse_filter = 2
mouse_default_cursor_shape = 0
size_flags_horizontal = 1
size_flags_vertical = 4
theme = SubResource( 7 )
text = "KEY_SHOT"
percent_visible = 1.0
lines_skipped = 0
max_lines_visible = -1
_sections_unfolded = [ "Theme" ]

[node name="Accept2" type="Label" parent="HowTo/Desktop/Keyboard" index="1"]

modulate = Color( 0.660156, 0.363481, 0.146988, 1 )
anchor_left = 0.0
anchor_top = 0.0
anchor_right = 0.0
anchor_bottom = 0.0
margin_left = 48.0
margin_top = -170.0
margin_right = 316.0
margin_bottom = -117.0
rect_pivot_offset = Vector2( 0, 0 )
rect_clip_content = false
mouse_filter = 2
mouse_default_cursor_shape = 0
size_flags_horizontal = 1
size_flags_vertical = 4
theme = SubResource( 7 )
text = "KEY_ACCEPT"
percent_visible = 1.0
lines_skipped = 0
max_lines_visible = -1
_sections_unfolded = [ "Theme" ]

[node name="Move2" type="Label" parent="HowTo/Desktop/Keyboard" index="2"]

modulate = Color( 0.660156, 0.363481, 0.146988, 1 )
anchor_left = 0.0
anchor_top = 0.0
anchor_right = 0.0
anchor_bottom = 0.0
margin_left = 34.0
margin_top = 171.0
margin_right = 302.0
margin_bottom = 224.0
rect_pivot_offset = Vector2( 0, 0 )
rect_clip_content = false
mouse_filter = 2
mouse_default_cursor_shape = 0
size_flags_horizontal = 1
size_flags_vertical = 4
theme = SubResource( 7 )
text = "KEY_MOVE"
percent_visible = 1.0
lines_skipped = 0
max_lines_visible = -1
_sections_unfolded = [ "Theme" ]

[node name="Pause2" type="Label" parent="HowTo/Desktop/Keyboard" index="3"]

modulate = Color( 0.660156, 0.363481, 0.146988, 1 )
anchor_left = 0.0
anchor_top = 0.0
anchor_right = 0.0
anchor_bottom = 0.0
margin_left = -291.0
margin_top = -179.0
margin_right = -23.0
margin_bottom = -126.0
rect_pivot_offset = Vector2( 0, 0 )
rect_clip_content = false
mouse_filter = 2
mouse_default_cursor_shape = 0
size_flags_horizontal = 1
size_flags_vertical = 4
theme = SubResource( 7 )
text = "KEY_PAUSE"
percent_visible = 1.0
lines_skipped = 0
max_lines_visible = -1
_sections_unfolded = [ "Theme" ]

[node name="Mobile" type="Node2D" parent="HowTo" index="2"]

z_index = 1000
_sections_unfolded = [ "Z Index" ]

[node name="Mobile" type="Sprite" parent="HowTo/Mobile" index="0"]

position = Vector2( 481.189, 350.879 )
scale = Vector2( 1.87627, 1.58351 )
texture = ExtResource( 15 )

[node name="shot3" type="Label" parent="HowTo/Mobile" index="1"]

modulate = Color( 0.660156, 0.363481, 0.146988, 1 )
anchor_left = 0.0
anchor_top = 0.0
anchor_right = 0.0
anchor_bottom = 0.0
margin_left = 505.0
margin_top = 477.0
margin_right = 719.0
margin_bottom = 530.0
rect_pivot_offset = Vector2( 0, 0 )
rect_clip_content = false
mouse_filter = 2
mouse_default_cursor_shape = 0
size_flags_horizontal = 1
size_flags_vertical = 4
theme = SubResource( 7 )
text = "KEY_SHOT"
percent_visible = 1.0
lines_skipped = 0
max_lines_visible = -1
_sections_unfolded = [ "Theme" ]

[node name="Move3" type="Label" parent="HowTo/Mobile" index="2"]

modulate = Color( 0.660156, 0.363481, 0.146988, 1 )
anchor_left = 0.0
anchor_top = 0.0
anchor_right = 0.0
anchor_bottom = 0.0
margin_left = 240.0
margin_top = 477.0
margin_right = 507.0
margin_bottom = 530.0
rect_pivot_offset = Vector2( 0, 0 )
rect_clip_content = false
mouse_filter = 2
mouse_default_cursor_shape = 0
size_flags_horizontal = 1
size_flags_vertical = 4
theme = SubResource( 7 )
text = "KEY_MOVE"
percent_visible = 1.0
lines_skipped = 0
max_lines_visible = -1
_sections_unfolded = [ "Theme" ]

[node name="Pause3" type="Label" parent="HowTo/Mobile" index="3"]

modulate = Color( 0.660156, 0.363481, 0.146988, 1 )
anchor_left = 0.0
anchor_top = 0.0
anchor_right = 0.0
anchor_bottom = 0.0
margin_left = 435.0
margin_top = 162.0
margin_right = 703.0
margin_bottom = 215.0
rect_pivot_offset = Vector2( 0, 0 )
rect_clip_content = false
mouse_filter = 2
mouse_default_cursor_shape = 0
size_flags_horizontal = 1
size_flags_vertical = 4
theme = SubResource( 7 )
text = "KEY_PAUSE"
percent_visible = 1.0
lines_skipped = 0
max_lines_visible = -1
_sections_unfolded = [ "Theme" ]


