[gd_scene load_steps=50 format=2]

[ext_resource path="res://Player.gd" type="Script" id=1]
[ext_resource path="res://assets/art/characters/ivan/Idle (1).png" type="Texture" id=2]
[ext_resource path="res://assets/art/characters/ivan/Idle (2).png" type="Texture" id=3]
[ext_resource path="res://assets/art/characters/ivan/Idle (3).png" type="Texture" id=4]
[ext_resource path="res://assets/art/characters/ivan/Idle (4).png" type="Texture" id=5]
[ext_resource path="res://assets/art/characters/ivan/Idle (5).png" type="Texture" id=6]
[ext_resource path="res://assets/art/characters/ivan/Idle (6).png" type="Texture" id=7]
[ext_resource path="res://assets/art/characters/ivan/Idle (7).png" type="Texture" id=8]
[ext_resource path="res://assets/art/characters/ivan/Idle (8).png" type="Texture" id=9]
[ext_resource path="res://assets/art/characters/ivan/Idle (9).png" type="Texture" id=10]
[ext_resource path="res://assets/art/characters/ivan/Idle (10).png" type="Texture" id=11]
[ext_resource path="res://assets/art/characters/ivan/Idle (11).png" type="Texture" id=12]
[ext_resource path="res://assets/art/characters/ivan/Idle (12).png" type="Texture" id=13]
[ext_resource path="res://assets/art/characters/ivan/Idle (13).png" type="Texture" id=14]
[ext_resource path="res://assets/art/characters/ivan/Idle (14).png" type="Texture" id=15]
[ext_resource path="res://assets/art/characters/ivan/Idle (15).png" type="Texture" id=16]
[ext_resource path="res://assets/art/characters/ivan/Run (1).png" type="Texture" id=17]
[ext_resource path="res://assets/art/characters/ivan/Run (2).png" type="Texture" id=18]
[ext_resource path="res://assets/art/characters/ivan/Run (3).png" type="Texture" id=19]
[ext_resource path="res://assets/art/characters/ivan/Run (4).png" type="Texture" id=20]
[ext_resource path="res://assets/art/characters/ivan/Run (5).png" type="Texture" id=21]
[ext_resource path="res://assets/art/characters/ivan/Run (6).png" type="Texture" id=22]
[ext_resource path="res://assets/art/characters/ivan/Run (7).png" type="Texture" id=23]
[ext_resource path="res://assets/art/characters/ivan/Run (8).png" type="Texture" id=24]
[ext_resource path="res://assets/art/characters/ivan/Run (9).png" type="Texture" id=25]
[ext_resource path="res://assets/art/characters/ivan/Run (10).png" type="Texture" id=26]
[ext_resource path="res://assets/art/characters/ivan/Run (11).png" type="Texture" id=27]
[ext_resource path="res://assets/art/characters/ivan/Run (12).png" type="Texture" id=28]
[ext_resource path="res://assets/art/characters/ivan/Run (13).png" type="Texture" id=29]
[ext_resource path="res://assets/art/characters/ivan/Run (14).png" type="Texture" id=30]
[ext_resource path="res://assets/art/characters/ivan/Run (15).png" type="Texture" id=31]
[ext_resource path="res://assets/art/characters/ivan/Dead (1).png" type="Texture" id=32]
[ext_resource path="res://assets/art/characters/ivan/Dead (2).png" type="Texture" id=33]
[ext_resource path="res://assets/art/characters/ivan/Dead (3).png" type="Texture" id=34]
[ext_resource path="res://assets/art/characters/ivan/Dead (4).png" type="Texture" id=35]
[ext_resource path="res://assets/art/characters/ivan/Dead (5).png" type="Texture" id=36]
[ext_resource path="res://assets/art/characters/ivan/Dead (6).png" type="Texture" id=37]
[ext_resource path="res://assets/art/characters/ivan/Dead (7).png" type="Texture" id=38]
[ext_resource path="res://assets/art/characters/ivan/Dead (8).png" type="Texture" id=39]
[ext_resource path="res://assets/art/characters/ivan/Dead (9).png" type="Texture" id=40]
[ext_resource path="res://assets/art/characters/ivan/Dead (10).png" type="Texture" id=41]
[ext_resource path="res://assets/art/characters/ivan/Dead (11).png" type="Texture" id=42]
[ext_resource path="res://assets/art/characters/ivan/Dead (12).png" type="Texture" id=43]
[ext_resource path="res://assets/art/characters/ivan/Dead (13).png" type="Texture" id=44]
[ext_resource path="res://assets/art/characters/ivan/Dead (14).png" type="Texture" id=45]
[ext_resource path="res://assets/art/characters/ivan/Dead (15).png" type="Texture" id=46]
[ext_resource path="res://Ivansounds.gd" type="Script" id=47]

[sub_resource type="SpriteFrames" id=1]

animations = [ {
"frames": [ ExtResource( 2 ), ExtResource( 3 ), ExtResource( 4 ), ExtResource( 5 ), ExtResource( 6 ), ExtResource( 7 ), ExtResource( 8 ), ExtResource( 9 ), ExtResource( 10 ), ExtResource( 11 ), ExtResource( 12 ), ExtResource( 13 ), ExtResource( 14 ), ExtResource( 15 ), ExtResource( 16 ) ],
"loop": true,
"name": "idle",
"speed": 10.0
}, {
"frames": [ ExtResource( 17 ), ExtResource( 18 ), ExtResource( 19 ), ExtResource( 20 ), ExtResource( 21 ), ExtResource( 22 ), ExtResource( 23 ), ExtResource( 24 ), ExtResource( 25 ), ExtResource( 26 ), ExtResource( 27 ), ExtResource( 28 ), ExtResource( 29 ), ExtResource( 30 ), ExtResource( 31 ) ],
"loop": true,
"name": "walk",
"speed": 15.0
}, {
"frames": [ ExtResource( 32 ), ExtResource( 33 ), ExtResource( 34 ), ExtResource( 35 ), ExtResource( 36 ), ExtResource( 37 ), ExtResource( 38 ), ExtResource( 39 ), ExtResource( 40 ), ExtResource( 41 ), ExtResource( 42 ), ExtResource( 43 ), ExtResource( 44 ), ExtResource( 45 ), ExtResource( 46 ) ],
"loop": true,
"name": "death",
"speed": 15.0
} ]

[sub_resource type="RectangleShape2D" id=2]

custom_solver_bias = 0.0
extents = Vector2( 6.45309, 9.13123 )

[node name="Player" type="KinematicBody2D" index="0"]

pause_mode = 2
scale = Vector2( 1.65772, 1.55238 )
z_index = 1000
z_as_relative = false
input_pickable = false
collision_layer = 1
collision_mask = 1
collision/safe_margin = 0.001
script = ExtResource( 1 )
_sections_unfolded = [ "Collision", "Material", "Pause", "Transform", "Visibility", "Z Index", "collision" ]
__meta__ = {
"_edit_group_": true
}

[node name="Sprite" type="AnimatedSprite" parent="." index="0"]

scale = Vector2( 0.182783, 0.166117 )
frames = SubResource( 1 )
animation = "idle"
frame = 8
playing = true
_sections_unfolded = [ "Transform" ]

[node name="Player_Collision" type="CollisionShape2D" parent="." index="1"]

position = Vector2( -2.82637, -0.145995 )
scale = Vector2( 2.91742, 4.21947 )
shape = SubResource( 2 )
_sections_unfolded = [ "Transform" ]

[node name="sounds" type="AudioStreamPlayer" parent="." index="2"]

stream = null
volume_db = 0.0
pitch_scale = 0.01
autoplay = false
mix_target = 0
bus = "Master"
script = ExtResource( 47 )


