[gd_scene load_steps=14 format=2]

[ext_resource path="res://pang.gd" type="Script" id=1]
[ext_resource path="res://assets/art/levels/Rota.png" type="Texture" id=2]
[ext_resource path="res://icon.png" type="Texture" id=3]
[ext_resource path="res://assets/art/Tiles/youwin.png" type="Texture" id=4]
[ext_resource path="res://assets/art/Tiles/youwin2.png" type="Texture" id=5]
[ext_resource path="res://assets/music/music6.ogg" type="AudioStream" id=6]
[ext_resource path="res://Levelsounds.gd" type="Script" id=7]
[ext_resource path="res://assets/art/Tiles/block.png" type="Texture" id=8]
[ext_resource path="res://Portals.gd" type="Script" id=9]

[sub_resource type="RectangleShape2D" id=1]

custom_solver_bias = 0.0
extents = Vector2( 10.0318, 10 )

[sub_resource type="RectangleShape2D" id=2]

custom_solver_bias = 0.0
extents = Vector2( 10, 357.443 )

[sub_resource type="SpriteFrames" id=3]

animations = [ {
"frames": [ ExtResource( 4 ), ExtResource( 5 ) ],
"loop": true,
"name": "winning",
"speed": 2.0
} ]

[sub_resource type="RectangleShape2D" id=4]

custom_solver_bias = 0.0
extents = Vector2( 10, 10 )

[node name="Level5" type="Node"]

script = ExtResource( 1 )

[node name="Level" type="Node" parent="." index="0"]

[node name="Sprite" type="Sprite" parent="Level" index="0"]

position = Vector2( 540, -280 )
scale = Vector2( 1.80658, 2.285 )
texture = ExtResource( 2 )
_sections_unfolded = [ "Visibility" ]

[node name="Sprite2" type="Sprite" parent="Level" index="1"]

position = Vector2( 540, -280 )
rotation = 0.00118313
scale = Vector2( 1.80658, 2.285 )
texture = ExtResource( 2 )
_sections_unfolded = [ "Visibility" ]

[node name="Sprite3" type="Sprite" parent="Level" index="2"]

position = Vector2( 540, -280 )
rotation = 0.00118313
scale = Vector2( 1.80658, 2.285 )
texture = ExtResource( 2 )
_sections_unfolded = [ "Visibility" ]

[node name="Boundaries" type="StaticBody2D" parent="Level" index="3"]

editor/display_folded = true
input_pickable = false
collision_layer = 1
collision_mask = 1
constant_linear_velocity = Vector2( 0, 0 )
constant_angular_velocity = 0.0
friction = 1.0
bounce = 0.0

[node name="Bottom" type="CollisionShape2D" parent="Level/Boundaries" index="0"]

position = Vector2( 510.553, 10.2384 )
scale = Vector2( 52.6176, 1 )
shape = SubResource( 1 )

[node name="Top" type="CollisionShape2D" parent="Level/Boundaries" index="1"]

position = Vector2( 503.751, -615.532 )
scale = Vector2( 52.6176, 1 )
shape = SubResource( 1 )

[node name="left" type="CollisionShape2D" parent="Level/Boundaries" index="2"]

position = Vector2( 1038.13, -315.48 )
shape = SubResource( 2 )

[node name="left2" type="CollisionShape2D" parent="Level/Boundaries" index="3"]

position = Vector2( -15.4224, -310.72 )
shape = SubResource( 2 )

[node name="Camera2D" type="Camera2D" parent="." index="1"]

position = Vector2( 509.88, -301.002 )
anchor_mode = 1
rotating = false
current = true
zoom = Vector2( 1, 1 )
limit_left = -10000000
limit_top = -10000000
limit_right = 10000000
limit_bottom = 10000000
limit_smoothed = false
drag_margin_h_enabled = true
drag_margin_v_enabled = true
smoothing_enabled = false
smoothing_speed = 5.0
offset_v = 0.0
offset_h = 0.0
drag_margin_left = 0.2
drag_margin_top = 0.2
drag_margin_right = 0.2
drag_margin_bottom = 0.2
editor_draw_screen = true
editor_draw_limits = false
editor_draw_drag_margin = false
_sections_unfolded = [ "Editor", "Transform" ]

[node name="Pumps" type="Node" parent="." index="2"]

[node name="Decals" type="Node" parent="." index="3"]

[node name="shadowed" type="Sprite" parent="Decals" index="0"]

visible = false
modulate = Color( 0.015625, 0.0153198, 0.0153198, 0.613255 )
position = Vector2( 495.069, -283.499 )
scale = Vector2( 16.4709, 9.85935 )
z_index = 1000
texture = ExtResource( 3 )
_sections_unfolded = [ "Visibility", "Z Index" ]

[node name="youwin" type="AnimatedSprite" parent="Decals" index="1"]

visible = false
position = Vector2( 514.04, -298.357 )
scale = Vector2( 1.63636, 0.956172 )
z_index = 1001
frames = SubResource( 3 )
animation = "winning"
playing = true
_sections_unfolded = [ "Visibility", "Z Index" ]

[node name="Levelsounds" type="AudioStreamPlayer" parent="." index="4"]

stream = ExtResource( 6 )
volume_db = 10.0
pitch_scale = 1.0
autoplay = true
mix_target = 0
bus = "Master"

[node name="Levelfx" type="AudioStreamPlayer" parent="." index="5"]

stream = null
volume_db = 0.0
pitch_scale = 1.0
autoplay = false
mix_target = 0
bus = "Master"
script = ExtResource( 7 )

[node name="Marks" type="Node2D" parent="." index="6"]

[node name="Player" type="Node2D" parent="Marks" index="0"]

[node name="start" type="Position2D" parent="Marks/Player" index="0"]

position = Vector2( 460, -90 )

[node name="Bubbles" type="Node2D" parent="Marks" index="1"]

position = Vector2( 10, 0 )

[node name="big,b103c2f5" type="Position2D" parent="Marks/Bubbles" index="0"]

modulate = Color( 1, 1, 1, 0.696118 )
position = Vector2( 440, -390 )
scale = Vector2( 1.26679, 1 )
_sections_unfolded = [ "Visibility" ]

[node name="big,b1fff500" type="Position2D" parent="Marks/Bubbles" index="1"]

modulate = Color( 1, 1, 1, 0.696118 )
position = Vector2( 480, -430 )
scale = Vector2( 1.26679, 1 )
_sections_unfolded = [ "Visibility" ]

[node name="big,b1ff8900" type="Position2D" parent="Marks/Bubbles" index="2"]

modulate = Color( 1, 1, 1, 0.696118 )
position = Vector2( 400, -430 )
scale = Vector2( 1.26679, 1 )
_sections_unfolded = [ "Visibility" ]

[node name="big,b100ffcf" type="Position2D" parent="Marks/Bubbles" index="3"]

modulate = Color( 1, 1, 1, 0.696118 )
position = Vector2( 410, -490 )
scale = Vector2( 1.26679, 1 )
_sections_unfolded = [ "Visibility" ]

[node name="big,b1ff0047" type="Position2D" parent="Marks/Bubbles" index="4"]

modulate = Color( 1, 1, 1, 0.696118 )
position = Vector2( 460, -480 )
scale = Vector2( 1.26679, 1 )
_sections_unfolded = [ "Visibility" ]

[node name="Blocks" type="Node2D" parent="." index="7"]

position = Vector2( -1, 0 )

[node name="right,80" type="StaticBody2D" parent="Blocks" index="0" groups=[
"platforms",
"destroyable",
]]

editor/display_folded = true
modulate = Color( 0.366697, 0.0624847, 0.410156, 1 )
position = Vector2( 321, -290 )
scale = Vector2( 1.875, 0.3125 )
input_pickable = false
collision_layer = 1
collision_mask = 1
constant_linear_velocity = Vector2( 0, 0 )
constant_angular_velocity = 0.0
friction = 1.0
bounce = 0.0
__meta__ = {
"_edit_group_": true
}

[node name="CollisionShape2D" type="CollisionShape2D" parent="Blocks/right,80" index="0"]

position = Vector2( -0.120003, -18.9409 )
scale = Vector2( 3.60957, 3.12884 )
shape = SubResource( 4 )

[node name="block1" type="Sprite" parent="Blocks/right,80" index="1"]

position = Vector2( 0.258125, -14.6753 )
scale = Vector2( 0.361416, 1.34095 )
texture = ExtResource( 8 )

[node name="right,52" type="StaticBody2D" parent="Blocks" index="1" groups=[
"platforms",
"destroyable",
]]

editor/display_folded = true
modulate = Color( 0.366697, 0.0624847, 0.410156, 1 )
position = Vector2( 581, -290 )
scale = Vector2( 1.875, 0.3125 )
input_pickable = false
collision_layer = 1
collision_mask = 1
constant_linear_velocity = Vector2( 0, 0 )
constant_angular_velocity = 0.0
friction = 1.0
bounce = 0.0
__meta__ = {
"_edit_group_": true
}

[node name="CollisionShape2D" type="CollisionShape2D" parent="Blocks/right,52" index="0"]

position = Vector2( -0.120003, -18.9409 )
scale = Vector2( 3.60957, 3.12884 )
shape = SubResource( 4 )

[node name="block1" type="Sprite" parent="Blocks/right,52" index="1"]

position = Vector2( 0.258125, -14.6753 )
scale = Vector2( 0.361416, 1.34095 )
texture = ExtResource( 8 )

[node name="right,51" type="StaticBody2D" parent="Blocks" index="2" groups=[
"platforms",
"destroyable",
]]

editor/display_folded = true
modulate = Color( 0.366697, 0.0624847, 0.410156, 1 )
position = Vector2( 581, -370 )
scale = Vector2( 1.91406, 0.3125 )
input_pickable = false
collision_layer = 1
collision_mask = 1
constant_linear_velocity = Vector2( 0, 0 )
constant_angular_velocity = 0.0
friction = 1.0
bounce = 0.0
__meta__ = {
"_edit_group_": true
}

[node name="CollisionShape2D" type="CollisionShape2D" parent="Blocks/right,51" index="0"]

position = Vector2( -0.120003, -18.9409 )
scale = Vector2( 3.60957, 3.12884 )
shape = SubResource( 4 )

[node name="block1" type="Sprite" parent="Blocks/right,51" index="1"]

position = Vector2( 0.258125, -14.6753 )
scale = Vector2( 0.361416, 1.34095 )
texture = ExtResource( 8 )

[node name="right,55" type="StaticBody2D" parent="Blocks" index="3" groups=[
"platforms",
"destroyable",
]]

editor/display_folded = true
modulate = Color( 0.366697, 0.0624847, 0.410156, 1 )
position = Vector2( 581, -230 )
scale = Vector2( 1.875, 0.3125 )
input_pickable = false
collision_layer = 1
collision_mask = 1
constant_linear_velocity = Vector2( 0, 0 )
constant_angular_velocity = 0.0
friction = 1.0
bounce = 0.0
__meta__ = {
"_edit_group_": true
}

[node name="CollisionShape2D" type="CollisionShape2D" parent="Blocks/right,55" index="0"]

position = Vector2( -0.120003, -18.9409 )
scale = Vector2( 3.60957, 3.12884 )
shape = SubResource( 4 )

[node name="block1" type="Sprite" parent="Blocks/right,55" index="1"]

position = Vector2( 0.258125, -14.6753 )
scale = Vector2( 0.361416, 1.34095 )
texture = ExtResource( 8 )

[node name="right,57" type="StaticBody2D" parent="Blocks" index="4" groups=[
"platforms",
"destroyable",
]]

editor/display_folded = true
modulate = Color( 0.366697, 0.0624847, 0.410156, 1 )
position = Vector2( 321, -230 )
scale = Vector2( 1.81641, 0.3125 )
input_pickable = false
collision_layer = 1
collision_mask = 1
constant_linear_velocity = Vector2( 0, 0 )
constant_angular_velocity = 0.0
friction = 1.0
bounce = 0.0
__meta__ = {
"_edit_group_": true
}

[node name="CollisionShape2D" type="CollisionShape2D" parent="Blocks/right,57" index="0"]

position = Vector2( -0.120003, -18.9409 )
scale = Vector2( 3.60957, 3.12884 )
shape = SubResource( 4 )

[node name="block1" type="Sprite" parent="Blocks/right,57" index="1"]

position = Vector2( 0.258125, -14.6753 )
scale = Vector2( 0.361416, 1.34095 )
texture = ExtResource( 8 )

[node name="right,60" type="StaticBody2D" parent="Blocks" index="5" groups=[
"platforms",
"destroyable",
]]

editor/display_folded = true
modulate = Color( 0.366697, 0.0624847, 0.410156, 1 )
position = Vector2( 321, -210 )
scale = Vector2( 1.81641, 0.3125 )
input_pickable = false
collision_layer = 1
collision_mask = 1
constant_linear_velocity = Vector2( 0, 0 )
constant_angular_velocity = 0.0
friction = 1.0
bounce = 0.0
__meta__ = {
"_edit_group_": true
}

[node name="CollisionShape2D" type="CollisionShape2D" parent="Blocks/right,60" index="0"]

position = Vector2( -0.120003, -18.9409 )
scale = Vector2( 3.60957, 3.12884 )
shape = SubResource( 4 )

[node name="block1" type="Sprite" parent="Blocks/right,60" index="1"]

position = Vector2( 0.258125, -14.6753 )
scale = Vector2( 0.361416, 1.34095 )
texture = ExtResource( 8 )

[node name="right,61" type="StaticBody2D" parent="Blocks" index="6" groups=[
"platforms",
"destroyable",
]]

editor/display_folded = true
modulate = Color( 0.366697, 0.0624847, 0.410156, 1 )
position = Vector2( 321, -190 )
scale = Vector2( 1.81641, 0.3125 )
input_pickable = false
collision_layer = 1
collision_mask = 1
constant_linear_velocity = Vector2( 0, 0 )
constant_angular_velocity = 0.0
friction = 1.0
bounce = 0.0
__meta__ = {
"_edit_group_": true
}

[node name="CollisionShape2D" type="CollisionShape2D" parent="Blocks/right,61" index="0"]

position = Vector2( -0.120003, -18.9409 )
scale = Vector2( 3.60957, 3.12884 )
shape = SubResource( 4 )

[node name="block1" type="Sprite" parent="Blocks/right,61" index="1"]

position = Vector2( 0.258125, -14.6753 )
scale = Vector2( 0.361416, 1.34095 )
texture = ExtResource( 8 )

[node name="right,62" type="StaticBody2D" parent="Blocks" index="7" groups=[
"platforms",
"destroyable",
]]

editor/display_folded = true
modulate = Color( 0.366697, 0.0624847, 0.410156, 1 )
position = Vector2( 321, -170 )
scale = Vector2( 1.81641, 0.3125 )
input_pickable = false
collision_layer = 1
collision_mask = 1
constant_linear_velocity = Vector2( 0, 0 )
constant_angular_velocity = 0.0
friction = 1.0
bounce = 0.0
__meta__ = {
"_edit_group_": true
}

[node name="CollisionShape2D" type="CollisionShape2D" parent="Blocks/right,62" index="0"]

position = Vector2( -0.120003, -18.9409 )
scale = Vector2( 3.60957, 3.12884 )
shape = SubResource( 4 )

[node name="block1" type="Sprite" parent="Blocks/right,62" index="1"]

position = Vector2( 0.258125, -14.6753 )
scale = Vector2( 0.361416, 1.34095 )
texture = ExtResource( 8 )

[node name="right,63" type="StaticBody2D" parent="Blocks" index="8" groups=[
"platforms",
"destroyable",
]]

editor/display_folded = true
modulate = Color( 0.366697, 0.0624847, 0.410156, 1 )
position = Vector2( 581, -190 )
scale = Vector2( 1.81641, 0.3125 )
input_pickable = false
collision_layer = 1
collision_mask = 1
constant_linear_velocity = Vector2( 0, 0 )
constant_angular_velocity = 0.0
friction = 1.0
bounce = 0.0
__meta__ = {
"_edit_group_": true
}

[node name="CollisionShape2D" type="CollisionShape2D" parent="Blocks/right,63" index="0"]

position = Vector2( -0.120003, -18.9409 )
scale = Vector2( 3.60957, 3.12884 )
shape = SubResource( 4 )

[node name="block1" type="Sprite" parent="Blocks/right,63" index="1"]

position = Vector2( 0.258125, -14.6753 )
scale = Vector2( 0.361416, 1.34095 )
texture = ExtResource( 8 )

[node name="right,64" type="StaticBody2D" parent="Blocks" index="9" groups=[
"platforms",
"destroyable",
]]

editor/display_folded = true
modulate = Color( 0.366697, 0.0624847, 0.410156, 1 )
position = Vector2( 581, -170 )
scale = Vector2( 1.81641, 0.3125 )
input_pickable = false
collision_layer = 1
collision_mask = 1
constant_linear_velocity = Vector2( 0, 0 )
constant_angular_velocity = 0.0
friction = 1.0
bounce = 0.0
__meta__ = {
"_edit_group_": true
}

[node name="CollisionShape2D" type="CollisionShape2D" parent="Blocks/right,64" index="0"]

position = Vector2( -0.120003, -18.9409 )
scale = Vector2( 3.60957, 3.12884 )
shape = SubResource( 4 )

[node name="block1" type="Sprite" parent="Blocks/right,64" index="1"]

position = Vector2( 0.258125, -14.6753 )
scale = Vector2( 0.361416, 1.34095 )
texture = ExtResource( 8 )

[node name="right,59" type="StaticBody2D" parent="Blocks" index="10" groups=[
"platforms",
"destroyable",
]]

editor/display_folded = true
modulate = Color( 0.366697, 0.0624847, 0.410156, 1 )
position = Vector2( 581, -210 )
scale = Vector2( 1.81641, 0.3125 )
input_pickable = false
collision_layer = 1
collision_mask = 1
constant_linear_velocity = Vector2( 0, 0 )
constant_angular_velocity = 0.0
friction = 1.0
bounce = 0.0
__meta__ = {
"_edit_group_": true
}

[node name="CollisionShape2D" type="CollisionShape2D" parent="Blocks/right,59" index="0"]

position = Vector2( -0.120003, -18.9409 )
scale = Vector2( 3.60957, 3.12884 )
shape = SubResource( 4 )

[node name="block1" type="Sprite" parent="Blocks/right,59" index="1"]

position = Vector2( 0.258125, -14.6753 )
scale = Vector2( 0.361416, 1.34095 )
texture = ExtResource( 8 )

[node name="right,58" type="StaticBody2D" parent="Blocks" index="11" groups=[
"platforms",
"destroyable",
]]

editor/display_folded = true
modulate = Color( 0.366697, 0.0624847, 0.410156, 1 )
position = Vector2( 451, -310 )
scale = Vector2( 1.81641, 0.3125 )
input_pickable = false
collision_layer = 1
collision_mask = 1
constant_linear_velocity = Vector2( 0, 0 )
constant_angular_velocity = 0.0
friction = 1.0
bounce = 0.0
__meta__ = {
"_edit_group_": true
}

[node name="CollisionShape2D" type="CollisionShape2D" parent="Blocks/right,58" index="0"]

position = Vector2( -0.120003, -18.9409 )
scale = Vector2( 3.60957, 3.12884 )
shape = SubResource( 4 )

[node name="block1" type="Sprite" parent="Blocks/right,58" index="1"]

position = Vector2( 0.258125, -14.6753 )
scale = Vector2( 0.361416, 1.34095 )
texture = ExtResource( 8 )

[node name="right,54" type="StaticBody2D" parent="Blocks" index="12" groups=[
"platforms",
"destroyable",
]]

editor/display_folded = true
modulate = Color( 0.366697, 0.0624847, 0.410156, 1 )
position = Vector2( 451, -330 )
scale = Vector2( 1.875, 0.3125 )
input_pickable = false
collision_layer = 1
collision_mask = 1
constant_linear_velocity = Vector2( 0, 0 )
constant_angular_velocity = 0.0
friction = 1.0
bounce = 0.0
__meta__ = {
"_edit_group_": true
}

[node name="CollisionShape2D" type="CollisionShape2D" parent="Blocks/right,54" index="0"]

position = Vector2( -0.120003, -18.9409 )
scale = Vector2( 3.60957, 3.12884 )
shape = SubResource( 4 )

[node name="block1" type="Sprite" parent="Blocks/right,54" index="1"]

position = Vector2( 0.258125, -14.6753 )
scale = Vector2( 0.361416, 1.34095 )
texture = ExtResource( 8 )

[node name="right,56" type="StaticBody2D" parent="Blocks" index="13" groups=[
"platforms",
"destroyable",
]]

editor/display_folded = true
modulate = Color( 0.366697, 0.0624847, 0.410156, 1 )
position = Vector2( 581, -350 )
scale = Vector2( 1.875, 0.3125 )
input_pickable = false
collision_layer = 1
collision_mask = 1
constant_linear_velocity = Vector2( 0, 0 )
constant_angular_velocity = 0.0
friction = 1.0
bounce = 0.0
__meta__ = {
"_edit_group_": true
}

[node name="CollisionShape2D" type="CollisionShape2D" parent="Blocks/right,56" index="0"]

position = Vector2( -0.120003, -18.9409 )
scale = Vector2( 3.60957, 3.12884 )
shape = SubResource( 4 )

[node name="block1" type="Sprite" parent="Blocks/right,56" index="1"]

position = Vector2( 0.258125, -14.6753 )
scale = Vector2( 0.361416, 1.34095 )
texture = ExtResource( 8 )

[node name="right,53" type="StaticBody2D" parent="Blocks" index="14" groups=[
"platforms",
"destroyable",
]]

editor/display_folded = true
modulate = Color( 0.366697, 0.0624847, 0.410156, 1 )
position = Vector2( 321, -370 )
scale = Vector2( 1.875, 0.3125 )
input_pickable = false
collision_layer = 1
collision_mask = 1
constant_linear_velocity = Vector2( 0, 0 )
constant_angular_velocity = 0.0
friction = 1.0
bounce = 0.0
__meta__ = {
"_edit_group_": true
}

[node name="CollisionShape2D" type="CollisionShape2D" parent="Blocks/right,53" index="0"]

position = Vector2( -0.120003, -18.9409 )
scale = Vector2( 3.60957, 3.12884 )
shape = SubResource( 4 )

[node name="block1" type="Sprite" parent="Blocks/right,53" index="1"]

position = Vector2( 0.258125, -14.6753 )
scale = Vector2( 0.361416, 1.34095 )
texture = ExtResource( 8 )

[node name="right,65" type="StaticBody2D" parent="Blocks" index="15" groups=[
"platforms",
"destroyable",
]]

editor/display_folded = true
modulate = Color( 0.366697, 0.0624847, 0.410156, 1 )
position = Vector2( 321, -450 )
scale = Vector2( 1.875, 0.3125 )
input_pickable = false
collision_layer = 1
collision_mask = 1
constant_linear_velocity = Vector2( 0, 0 )
constant_angular_velocity = 0.0
friction = 1.0
bounce = 0.0
__meta__ = {
"_edit_group_": true
}

[node name="CollisionShape2D" type="CollisionShape2D" parent="Blocks/right,65" index="0"]

position = Vector2( -0.120003, -18.9409 )
scale = Vector2( 3.60957, 3.12884 )
shape = SubResource( 4 )

[node name="block1" type="Sprite" parent="Blocks/right,65" index="1"]

position = Vector2( 0.258125, -14.6753 )
scale = Vector2( 0.361416, 1.34095 )
texture = ExtResource( 8 )

[node name="right,66" type="StaticBody2D" parent="Blocks" index="16" groups=[
"platforms",
"destroyable",
]]

editor/display_folded = true
modulate = Color( 0.366697, 0.0624847, 0.410156, 1 )
position = Vector2( 321, -530 )
scale = Vector2( 1.875, 0.3125 )
input_pickable = false
collision_layer = 1
collision_mask = 1
constant_linear_velocity = Vector2( 0, 0 )
constant_angular_velocity = 0.0
friction = 1.0
bounce = 0.0
__meta__ = {
"_edit_group_": true
}

[node name="CollisionShape2D" type="CollisionShape2D" parent="Blocks/right,66" index="0"]

position = Vector2( -0.120003, -18.9409 )
scale = Vector2( 3.60957, 3.12884 )
shape = SubResource( 4 )

[node name="block1" type="Sprite" parent="Blocks/right,66" index="1"]

position = Vector2( 0.258125, -14.6753 )
scale = Vector2( 0.361416, 1.34095 )
texture = ExtResource( 8 )

[node name="right,67" type="StaticBody2D" parent="Blocks" index="17" groups=[
"platforms",
"destroyable",
]]

editor/display_folded = true
modulate = Color( 0.366697, 0.0624847, 0.410156, 1 )
position = Vector2( 581, -450 )
scale = Vector2( 1.875, 0.3125 )
input_pickable = false
collision_layer = 1
collision_mask = 1
constant_linear_velocity = Vector2( 0, 0 )
constant_angular_velocity = 0.0
friction = 1.0
bounce = 0.0
__meta__ = {
"_edit_group_": true
}

[node name="CollisionShape2D" type="CollisionShape2D" parent="Blocks/right,67" index="0"]

position = Vector2( -0.120003, -18.9409 )
scale = Vector2( 3.60957, 3.12884 )
shape = SubResource( 4 )

[node name="block1" type="Sprite" parent="Blocks/right,67" index="1"]

position = Vector2( 0.258125, -14.6753 )
scale = Vector2( 0.361416, 1.34095 )
texture = ExtResource( 8 )

[node name="right,68" type="StaticBody2D" parent="Blocks" index="18" groups=[
"platforms",
"destroyable",
]]

editor/display_folded = true
modulate = Color( 0.366697, 0.0624847, 0.410156, 1 )
position = Vector2( 581, -530 )
scale = Vector2( 1.875, 0.3125 )
input_pickable = false
collision_layer = 1
collision_mask = 1
constant_linear_velocity = Vector2( 0, 0 )
constant_angular_velocity = 0.0
friction = 1.0
bounce = 0.0
__meta__ = {
"_edit_group_": true
}

[node name="CollisionShape2D" type="CollisionShape2D" parent="Blocks/right,68" index="0"]

position = Vector2( -0.120003, -18.9409 )
scale = Vector2( 3.60957, 3.12884 )
shape = SubResource( 4 )

[node name="block1" type="Sprite" parent="Blocks/right,68" index="1"]

position = Vector2( 0.258125, -14.6753 )
scale = Vector2( 0.361416, 1.34095 )
texture = ExtResource( 8 )

[node name="left,80" type="StaticBody2D" parent="Blocks" index="19" groups=[
"platforms",
"destroyable",
]]

editor/display_folded = true
modulate = Color( 0.366697, 0.0624847, 0.410156, 1 )
position = Vector2( 321, -330 )
scale = Vector2( 1.875, 0.3125 )
input_pickable = false
collision_layer = 1
collision_mask = 1
constant_linear_velocity = Vector2( 0, 0 )
constant_angular_velocity = 0.0
friction = 1.0
bounce = 0.0
__meta__ = {
"_edit_group_": true
}

[node name="CollisionShape2D" type="CollisionShape2D" parent="Blocks/left,80" index="0"]

position = Vector2( -0.120003, -18.9409 )
scale = Vector2( 3.60957, 3.12884 )
shape = SubResource( 4 )

[node name="block1" type="Sprite" parent="Blocks/left,80" index="1"]

position = Vector2( 0.258125, -14.6753 )
scale = Vector2( 0.361416, 1.34095 )
texture = ExtResource( 8 )

[node name="left,81" type="StaticBody2D" parent="Blocks" index="20" groups=[
"platforms",
"destroyable",
]]

editor/display_folded = true
modulate = Color( 0.366697, 0.0624847, 0.410156, 1 )
position = Vector2( 321, -410 )
scale = Vector2( 1.875, 0.3125 )
input_pickable = false
collision_layer = 1
collision_mask = 1
constant_linear_velocity = Vector2( 0, 0 )
constant_angular_velocity = 0.0
friction = 1.0
bounce = 0.0
__meta__ = {
"_edit_group_": true
}

[node name="CollisionShape2D" type="CollisionShape2D" parent="Blocks/left,81" index="0"]

position = Vector2( -0.120003, -18.9409 )
scale = Vector2( 3.60957, 3.12884 )
shape = SubResource( 4 )

[node name="block1" type="Sprite" parent="Blocks/left,81" index="1"]

position = Vector2( 0.258125, -14.6753 )
scale = Vector2( 0.361416, 1.34095 )
texture = ExtResource( 8 )

[node name="left,82" type="StaticBody2D" parent="Blocks" index="21" groups=[
"platforms",
"destroyable",
]]

editor/display_folded = true
modulate = Color( 0.366697, 0.0624847, 0.410156, 1 )
position = Vector2( 321, -490 )
scale = Vector2( 1.875, 0.3125 )
input_pickable = false
collision_layer = 1
collision_mask = 1
constant_linear_velocity = Vector2( 0, 0 )
constant_angular_velocity = 0.0
friction = 1.0
bounce = 0.0
__meta__ = {
"_edit_group_": true
}

[node name="CollisionShape2D" type="CollisionShape2D" parent="Blocks/left,82" index="0"]

position = Vector2( -0.120003, -18.9409 )
scale = Vector2( 3.60957, 3.12884 )
shape = SubResource( 4 )

[node name="block1" type="Sprite" parent="Blocks/left,82" index="1"]

position = Vector2( 0.258125, -14.6753 )
scale = Vector2( 0.361416, 1.34095 )
texture = ExtResource( 8 )

[node name="left,83" type="StaticBody2D" parent="Blocks" index="22" groups=[
"platforms",
"destroyable",
]]

editor/display_folded = true
modulate = Color( 0.366697, 0.0624847, 0.410156, 1 )
position = Vector2( 581, -410 )
scale = Vector2( 1.875, 0.3125 )
input_pickable = false
collision_layer = 1
collision_mask = 1
constant_linear_velocity = Vector2( 0, 0 )
constant_angular_velocity = 0.0
friction = 1.0
bounce = 0.0
__meta__ = {
"_edit_group_": true
}

[node name="CollisionShape2D" type="CollisionShape2D" parent="Blocks/left,83" index="0"]

position = Vector2( -0.120003, -18.9409 )
scale = Vector2( 3.60957, 3.12884 )
shape = SubResource( 4 )

[node name="block1" type="Sprite" parent="Blocks/left,83" index="1"]

position = Vector2( 0.258125, -14.6753 )
scale = Vector2( 0.361416, 1.34095 )
texture = ExtResource( 8 )

[node name="left,84" type="StaticBody2D" parent="Blocks" index="23" groups=[
"platforms",
"destroyable",
]]

editor/display_folded = true
modulate = Color( 0.366697, 0.0624847, 0.410156, 1 )
position = Vector2( 581, -490 )
scale = Vector2( 1.875, 0.3125 )
input_pickable = false
collision_layer = 1
collision_mask = 1
constant_linear_velocity = Vector2( 0, 0 )
constant_angular_velocity = 0.0
friction = 1.0
bounce = 0.0
__meta__ = {
"_edit_group_": true
}

[node name="CollisionShape2D" type="CollisionShape2D" parent="Blocks/left,84" index="0"]

position = Vector2( -0.120003, -18.9409 )
scale = Vector2( 3.60957, 3.12884 )
shape = SubResource( 4 )

[node name="block1" type="Sprite" parent="Blocks/left,84" index="1"]

position = Vector2( 0.258125, -14.6753 )
scale = Vector2( 0.361416, 1.34095 )
texture = ExtResource( 8 )

[node name="left,52" type="StaticBody2D" parent="Blocks" index="24" groups=[
"platforms",
"destroyable",
]]

editor/display_folded = true
modulate = Color( 0.366697, 0.0624847, 0.410156, 1 )
position = Vector2( 321, -350 )
scale = Vector2( 1.875, 0.3125 )
input_pickable = false
collision_layer = 1
collision_mask = 1
constant_linear_velocity = Vector2( 0, 0 )
constant_angular_velocity = 0.0
friction = 1.0
bounce = 0.0
__meta__ = {
"_edit_group_": true
}

[node name="CollisionShape2D" type="CollisionShape2D" parent="Blocks/left,52" index="0"]

position = Vector2( -0.120003, -18.9409 )
scale = Vector2( 3.60957, 3.12884 )
shape = SubResource( 4 )

[node name="block1" type="Sprite" parent="Blocks/left,52" index="1"]

position = Vector2( 0.258125, -14.6753 )
scale = Vector2( 0.361416, 1.34095 )
texture = ExtResource( 8 )

[node name="left,64" type="StaticBody2D" parent="Blocks" index="25" groups=[
"platforms",
"destroyable",
]]

editor/display_folded = true
modulate = Color( 0.366697, 0.0624847, 0.410156, 1 )
position = Vector2( 321, -430 )
scale = Vector2( 1.875, 0.3125 )
input_pickable = false
collision_layer = 1
collision_mask = 1
constant_linear_velocity = Vector2( 0, 0 )
constant_angular_velocity = 0.0
friction = 1.0
bounce = 0.0
__meta__ = {
"_edit_group_": true
}

[node name="CollisionShape2D" type="CollisionShape2D" parent="Blocks/left,64" index="0"]

position = Vector2( -0.120003, -18.9409 )
scale = Vector2( 3.60957, 3.12884 )
shape = SubResource( 4 )

[node name="block1" type="Sprite" parent="Blocks/left,64" index="1"]

position = Vector2( 0.258125, -14.6753 )
scale = Vector2( 0.361416, 1.34095 )
texture = ExtResource( 8 )

[node name="left,66" type="StaticBody2D" parent="Blocks" index="26" groups=[
"platforms",
"destroyable",
]]

editor/display_folded = true
modulate = Color( 0.366697, 0.0624847, 0.410156, 1 )
position = Vector2( 321, -510 )
scale = Vector2( 1.875, 0.3125 )
input_pickable = false
collision_layer = 1
collision_mask = 1
constant_linear_velocity = Vector2( 0, 0 )
constant_angular_velocity = 0.0
friction = 1.0
bounce = 0.0
__meta__ = {
"_edit_group_": true
}

[node name="CollisionShape2D" type="CollisionShape2D" parent="Blocks/left,66" index="0"]

position = Vector2( -0.120003, -18.9409 )
scale = Vector2( 3.60957, 3.12884 )
shape = SubResource( 4 )

[node name="block1" type="Sprite" parent="Blocks/left,66" index="1"]

position = Vector2( 0.258125, -14.6753 )
scale = Vector2( 0.361416, 1.34095 )
texture = ExtResource( 8 )

[node name="left,67" type="StaticBody2D" parent="Blocks" index="27" groups=[
"platforms",
"destroyable",
]]

editor/display_folded = true
modulate = Color( 0.366697, 0.0624847, 0.410156, 1 )
position = Vector2( 581, -430 )
scale = Vector2( 1.875, 0.3125 )
input_pickable = false
collision_layer = 1
collision_mask = 1
constant_linear_velocity = Vector2( 0, 0 )
constant_angular_velocity = 0.0
friction = 1.0
bounce = 0.0
__meta__ = {
"_edit_group_": true
}

[node name="CollisionShape2D" type="CollisionShape2D" parent="Blocks/left,67" index="0"]

position = Vector2( -0.120003, -18.9409 )
scale = Vector2( 3.60957, 3.12884 )
shape = SubResource( 4 )

[node name="block1" type="Sprite" parent="Blocks/left,67" index="1"]

position = Vector2( 0.258125, -14.6753 )
scale = Vector2( 0.361416, 1.34095 )
texture = ExtResource( 8 )

[node name="left,69" type="StaticBody2D" parent="Blocks" index="28" groups=[
"platforms",
"destroyable",
]]

editor/display_folded = true
modulate = Color( 0.366697, 0.0624847, 0.410156, 1 )
position = Vector2( 581, -510 )
scale = Vector2( 1.875, 0.3125 )
input_pickable = false
collision_layer = 1
collision_mask = 1
constant_linear_velocity = Vector2( 0, 0 )
constant_angular_velocity = 0.0
friction = 1.0
bounce = 0.0
__meta__ = {
"_edit_group_": true
}

[node name="CollisionShape2D" type="CollisionShape2D" parent="Blocks/left,69" index="0"]

position = Vector2( -0.120003, -18.9409 )
scale = Vector2( 3.60957, 3.12884 )
shape = SubResource( 4 )

[node name="block1" type="Sprite" parent="Blocks/left,69" index="1"]

position = Vector2( 0.258125, -14.6753 )
scale = Vector2( 0.361416, 1.34095 )
texture = ExtResource( 8 )

[node name="left,61" type="StaticBody2D" parent="Blocks" index="29" groups=[
"platforms",
"destroyable",
]]

editor/display_folded = true
modulate = Color( 0.366697, 0.0624847, 0.410156, 1 )
position = Vector2( 581, -310 )
scale = Vector2( 1.875, 0.3125 )
input_pickable = false
collision_layer = 1
collision_mask = 1
constant_linear_velocity = Vector2( 0, 0 )
constant_angular_velocity = 0.0
friction = 1.0
bounce = 0.0
__meta__ = {
"_edit_group_": true
}

[node name="CollisionShape2D" type="CollisionShape2D" parent="Blocks/left,61" index="0"]

position = Vector2( -0.120003, -18.9409 )
scale = Vector2( 3.60957, 3.12884 )
shape = SubResource( 4 )

[node name="block1" type="Sprite" parent="Blocks/left,61" index="1"]

position = Vector2( 0.258125, -14.6753 )
scale = Vector2( 0.361416, 1.34095 )
texture = ExtResource( 8 )

[node name="left,51" type="StaticBody2D" parent="Blocks" index="30" groups=[
"platforms",
"destroyable",
]]

editor/display_folded = true
modulate = Color( 0.366697, 0.0624847, 0.410156, 1 )
position = Vector2( 581, -270 )
scale = Vector2( 1.875, 0.3125 )
input_pickable = false
collision_layer = 1
collision_mask = 1
constant_linear_velocity = Vector2( 0, 0 )
constant_angular_velocity = 0.0
friction = 1.0
bounce = 0.0
__meta__ = {
"_edit_group_": true
}

[node name="CollisionShape2D" type="CollisionShape2D" parent="Blocks/left,51" index="0"]

position = Vector2( -0.120003, -18.9409 )
scale = Vector2( 3.60957, 3.12884 )
shape = SubResource( 4 )

[node name="block1" type="Sprite" parent="Blocks/left,51" index="1"]

position = Vector2( 0.258125, -14.6753 )
scale = Vector2( 0.361416, 1.34095 )
texture = ExtResource( 8 )

[node name="left,58" type="StaticBody2D" parent="Blocks" index="31" groups=[
"platforms",
"destroyable",
]]

editor/display_folded = true
modulate = Color( 0.366697, 0.0624847, 0.410156, 1 )
position = Vector2( 451, -530 )
scale = Vector2( 1.875, 0.3125 )
input_pickable = false
collision_layer = 1
collision_mask = 1
constant_linear_velocity = Vector2( 0, 0 )
constant_angular_velocity = 0.0
friction = 1.0
bounce = 0.0
__meta__ = {
"_edit_group_": true
}

[node name="CollisionShape2D" type="CollisionShape2D" parent="Blocks/left,58" index="0"]

position = Vector2( -0.120003, -18.9409 )
scale = Vector2( 3.60957, 3.12884 )
shape = SubResource( 4 )

[node name="block1" type="Sprite" parent="Blocks/left,58" index="1"]

position = Vector2( 0.258125, -14.6753 )
scale = Vector2( 0.361416, 1.34095 )
texture = ExtResource( 8 )

[node name="left,60" type="StaticBody2D" parent="Blocks" index="32" groups=[
"platforms",
"destroyable",
]]

editor/display_folded = true
modulate = Color( 0.366697, 0.0624847, 0.410156, 1 )
position = Vector2( 581, -330 )
scale = Vector2( 1.875, 0.3125 )
input_pickable = false
collision_layer = 1
collision_mask = 1
constant_linear_velocity = Vector2( 0, 0 )
constant_angular_velocity = 0.0
friction = 1.0
bounce = 0.0
__meta__ = {
"_edit_group_": true
}

[node name="CollisionShape2D" type="CollisionShape2D" parent="Blocks/left,60" index="0"]

position = Vector2( -0.120003, -18.9409 )
scale = Vector2( 3.60957, 3.12884 )
shape = SubResource( 4 )

[node name="block1" type="Sprite" parent="Blocks/left,60" index="1"]

position = Vector2( 0.258125, -14.6753 )
scale = Vector2( 0.361416, 1.34095 )
texture = ExtResource( 8 )

[node name="left,62" type="StaticBody2D" parent="Blocks" index="33" groups=[
"platforms",
"destroyable",
]]

editor/display_folded = true
modulate = Color( 0.366697, 0.0624847, 0.410156, 1 )
position = Vector2( 581, -390 )
scale = Vector2( 1.875, 0.3125 )
input_pickable = false
collision_layer = 1
collision_mask = 1
constant_linear_velocity = Vector2( 0, 0 )
constant_angular_velocity = 0.0
friction = 1.0
bounce = 0.0
__meta__ = {
"_edit_group_": true
}

[node name="CollisionShape2D" type="CollisionShape2D" parent="Blocks/left,62" index="0"]

position = Vector2( -0.120003, -18.9409 )
scale = Vector2( 3.60957, 3.12884 )
shape = SubResource( 4 )

[node name="block1" type="Sprite" parent="Blocks/left,62" index="1"]

position = Vector2( 0.258125, -14.6753 )
scale = Vector2( 0.361416, 1.34095 )
texture = ExtResource( 8 )

[node name="left,59" type="StaticBody2D" parent="Blocks" index="34" groups=[
"platforms",
"destroyable",
]]

editor/display_folded = true
modulate = Color( 0.366697, 0.0624847, 0.410156, 1 )
position = Vector2( 321, -390 )
scale = Vector2( 1.875, 0.3125 )
input_pickable = false
collision_layer = 1
collision_mask = 1
constant_linear_velocity = Vector2( 0, 0 )
constant_angular_velocity = 0.0
friction = 1.0
bounce = 0.0
__meta__ = {
"_edit_group_": true
}

[node name="CollisionShape2D" type="CollisionShape2D" parent="Blocks/left,59" index="0"]

position = Vector2( -0.120003, -18.9409 )
scale = Vector2( 3.60957, 3.12884 )
shape = SubResource( 4 )

[node name="block1" type="Sprite" parent="Blocks/left,59" index="1"]

position = Vector2( 0.258125, -14.6753 )
scale = Vector2( 0.361416, 1.34095 )
texture = ExtResource( 8 )

[node name="left,63" type="StaticBody2D" parent="Blocks" index="35" groups=[
"platforms",
"destroyable",
]]

editor/display_folded = true
modulate = Color( 0.366697, 0.0624847, 0.410156, 1 )
position = Vector2( 321, -470 )
scale = Vector2( 1.875, 0.3125 )
input_pickable = false
collision_layer = 1
collision_mask = 1
constant_linear_velocity = Vector2( 0, 0 )
constant_angular_velocity = 0.0
friction = 1.0
bounce = 0.0
__meta__ = {
"_edit_group_": true
}

[node name="CollisionShape2D" type="CollisionShape2D" parent="Blocks/left,63" index="0"]

position = Vector2( -0.120003, -18.9409 )
scale = Vector2( 3.60957, 3.12884 )
shape = SubResource( 4 )

[node name="block1" type="Sprite" parent="Blocks/left,63" index="1"]

position = Vector2( 0.258125, -14.6753 )
scale = Vector2( 0.361416, 1.34095 )
texture = ExtResource( 8 )

[node name="left,65" type="StaticBody2D" parent="Blocks" index="36" groups=[
"platforms",
"destroyable",
]]

editor/display_folded = true
modulate = Color( 0.366697, 0.0624847, 0.410156, 1 )
position = Vector2( 321, -550 )
scale = Vector2( 1.875, 0.3125 )
input_pickable = false
collision_layer = 1
collision_mask = 1
constant_linear_velocity = Vector2( 0, 0 )
constant_angular_velocity = 0.0
friction = 1.0
bounce = 0.0
__meta__ = {
"_edit_group_": true
}

[node name="CollisionShape2D" type="CollisionShape2D" parent="Blocks/left,65" index="0"]

position = Vector2( -0.120003, -18.9409 )
scale = Vector2( 3.60957, 3.12884 )
shape = SubResource( 4 )

[node name="block1" type="Sprite" parent="Blocks/left,65" index="1"]

position = Vector2( 0.258125, -14.6753 )
scale = Vector2( 0.361416, 1.34095 )
texture = ExtResource( 8 )

[node name="left,68" type="StaticBody2D" parent="Blocks" index="37" groups=[
"platforms",
"destroyable",
]]

editor/display_folded = true
modulate = Color( 0.366697, 0.0624847, 0.410156, 1 )
position = Vector2( 581, -470 )
scale = Vector2( 1.875, 0.3125 )
input_pickable = false
collision_layer = 1
collision_mask = 1
constant_linear_velocity = Vector2( 0, 0 )
constant_angular_velocity = 0.0
friction = 1.0
bounce = 0.0
__meta__ = {
"_edit_group_": true
}

[node name="CollisionShape2D" type="CollisionShape2D" parent="Blocks/left,68" index="0"]

position = Vector2( -0.120003, -18.9409 )
scale = Vector2( 3.60957, 3.12884 )
shape = SubResource( 4 )

[node name="block1" type="Sprite" parent="Blocks/left,68" index="1"]

position = Vector2( 0.258125, -14.6753 )
scale = Vector2( 0.361416, 1.34095 )
texture = ExtResource( 8 )

[node name="left,70" type="StaticBody2D" parent="Blocks" index="38" groups=[
"platforms",
"destroyable",
]]

editor/display_folded = true
modulate = Color( 0.366697, 0.0624847, 0.410156, 1 )
position = Vector2( 581, -550 )
scale = Vector2( 1.875, 0.3125 )
input_pickable = false
collision_layer = 1
collision_mask = 1
constant_linear_velocity = Vector2( 0, 0 )
constant_angular_velocity = 0.0
friction = 1.0
bounce = 0.0
__meta__ = {
"_edit_group_": true
}

[node name="CollisionShape2D" type="CollisionShape2D" parent="Blocks/left,70" index="0"]

position = Vector2( -0.120003, -18.9409 )
scale = Vector2( 3.60957, 3.12884 )
shape = SubResource( 4 )

[node name="block1" type="Sprite" parent="Blocks/left,70" index="1"]

position = Vector2( 0.258125, -14.6753 )
scale = Vector2( 0.361416, 1.34095 )
texture = ExtResource( 8 )

[node name="left,54" type="StaticBody2D" parent="Blocks" index="39" groups=[
"platforms",
"destroyable",
]]

editor/display_folded = true
modulate = Color( 0.366697, 0.0624847, 0.410156, 1 )
position = Vector2( 451, -550 )
scale = Vector2( 1.875, 0.3125 )
input_pickable = false
collision_layer = 1
collision_mask = 1
constant_linear_velocity = Vector2( 0, 0 )
constant_angular_velocity = 0.0
friction = 1.0
bounce = 0.0
__meta__ = {
"_edit_group_": true
}

[node name="CollisionShape2D" type="CollisionShape2D" parent="Blocks/left,54" index="0"]

position = Vector2( -0.120003, -18.9409 )
scale = Vector2( 3.60957, 3.12884 )
shape = SubResource( 4 )

[node name="block1" type="Sprite" parent="Blocks/left,54" index="1"]

position = Vector2( 0.258125, -14.6753 )
scale = Vector2( 0.361416, 1.34095 )
texture = ExtResource( 8 )

[node name="left,55" type="StaticBody2D" parent="Blocks" index="40" groups=[
"platforms",
"destroyable",
]]

editor/display_folded = true
modulate = Color( 0.366697, 0.0624847, 0.410156, 1 )
position = Vector2( 321, -270 )
scale = Vector2( 1.875, 0.3125 )
input_pickable = false
collision_layer = 1
collision_mask = 1
constant_linear_velocity = Vector2( 0, 0 )
constant_angular_velocity = 0.0
friction = 1.0
bounce = 0.0
__meta__ = {
"_edit_group_": true
}

[node name="CollisionShape2D" type="CollisionShape2D" parent="Blocks/left,55" index="0"]

position = Vector2( -0.120003, -18.9409 )
scale = Vector2( 3.60957, 3.12884 )
shape = SubResource( 4 )

[node name="block1" type="Sprite" parent="Blocks/left,55" index="1"]

position = Vector2( 0.258125, -14.6753 )
scale = Vector2( 0.361416, 1.34095 )
texture = ExtResource( 8 )

[node name="left,56" type="StaticBody2D" parent="Blocks" index="41" groups=[
"platforms",
"destroyable",
]]

editor/display_folded = true
modulate = Color( 0.366697, 0.0624847, 0.410156, 1 )
position = Vector2( 321, -310 )
scale = Vector2( 1.875, 0.3125 )
input_pickable = false
collision_layer = 1
collision_mask = 1
constant_linear_velocity = Vector2( 0, 0 )
constant_angular_velocity = 0.0
friction = 1.0
bounce = 0.0
__meta__ = {
"_edit_group_": true
}

[node name="CollisionShape2D" type="CollisionShape2D" parent="Blocks/left,56" index="0"]

position = Vector2( -0.120003, -18.9409 )
scale = Vector2( 3.60957, 3.12884 )
shape = SubResource( 4 )

[node name="block1" type="Sprite" parent="Blocks/left,56" index="1"]

position = Vector2( 0.258125, -14.6753 )
scale = Vector2( 0.361416, 1.34095 )
texture = ExtResource( 8 )

[node name="left,57" type="StaticBody2D" parent="Blocks" index="42" groups=[
"platforms",
"destroyable",
]]

editor/display_folded = true
modulate = Color( 0.366697, 0.0624847, 0.410156, 1 )
position = Vector2( 321, -250 )
scale = Vector2( 1.875, 0.3125 )
input_pickable = false
collision_layer = 1
collision_mask = 1
constant_linear_velocity = Vector2( 0, 0 )
constant_angular_velocity = 0.0
friction = 1.0
bounce = 0.0
__meta__ = {
"_edit_group_": true
}

[node name="CollisionShape2D" type="CollisionShape2D" parent="Blocks/left,57" index="0"]

position = Vector2( -0.120003, -18.9409 )
scale = Vector2( 3.60957, 3.12884 )
shape = SubResource( 4 )

[node name="block1" type="Sprite" parent="Blocks/left,57" index="1"]

position = Vector2( 0.258125, -14.6753 )
scale = Vector2( 0.361416, 1.34095 )
texture = ExtResource( 8 )

[node name="left,53" type="StaticBody2D" parent="Blocks" index="43" groups=[
"platforms",
"destroyable",
]]

editor/display_folded = true
modulate = Color( 0.366697, 0.0624847, 0.410156, 1 )
position = Vector2( 581, -250 )
scale = Vector2( 1.875, 0.3125 )
input_pickable = false
collision_layer = 1
collision_mask = 1
constant_linear_velocity = Vector2( 0, 0 )
constant_angular_velocity = 0.0
friction = 1.0
bounce = 0.0
__meta__ = {
"_edit_group_": true
}

[node name="CollisionShape2D" type="CollisionShape2D" parent="Blocks/left,53" index="0"]

position = Vector2( -0.120003, -18.9409 )
scale = Vector2( 3.60957, 3.12884 )
shape = SubResource( 4 )

[node name="block1" type="Sprite" parent="Blocks/left,53" index="1"]

position = Vector2( 0.258125, -14.6753 )
scale = Vector2( 0.361416, 1.34095 )
texture = ExtResource( 8 )

[node name="harpoons" type="Node" parent="." index="8"]

[node name="Portals" type="Node" parent="." index="9"]

script = ExtResource( 9 )

[node name="Label" type="Label" parent="Portals" index="0"]

anchor_left = 0.0
anchor_top = 0.0
anchor_right = 0.0
anchor_bottom = 0.0
margin_right = 40.0
margin_bottom = 14.0
rect_pivot_offset = Vector2( 0, 0 )
rect_clip_content = false
mouse_filter = 2
mouse_default_cursor_shape = 0
size_flags_horizontal = 1
size_flags_vertical = 4
text = "0.05,1,2"
percent_visible = 1.0
lines_skipped = 0
max_lines_visible = -1


