[gd_scene load_steps=14 format=2]

[ext_resource path="res://pang.gd" type="Script" id=1]
[ext_resource path="res://assets/art/levels/cadiz.png" type="Texture" id=2]
[ext_resource path="res://icon.png" type="Texture" id=3]
[ext_resource path="res://assets/art/Tiles/youwin.png" type="Texture" id=4]
[ext_resource path="res://assets/art/Tiles/youwin2.png" type="Texture" id=5]
[ext_resource path="res://assets/music/music5.ogg" type="AudioStream" id=6]
[ext_resource path="res://Levelsounds.gd" type="Script" id=7]
[ext_resource path="res://assets/art/Tiles/block.png" type="Texture" id=8]
[ext_resource path="res://Portals.gd" type="Script" id=9]

[sub_resource type="RectangleShape2D" id=1]

custom_solver_bias = 0.0
extents = Vector2( 10.0318, 10 )

[sub_resource type="RectangleShape2D" id=2]

custom_solver_bias = 0.0
extents = Vector2( 10, 357.443 )

[sub_resource type="SpriteFrames" id=3]

animations = [ {
"frames": [ ExtResource( 4 ), ExtResource( 5 ) ],
"loop": true,
"name": "winning",
"speed": 2.0
} ]

[sub_resource type="RectangleShape2D" id=4]

custom_solver_bias = 0.0
extents = Vector2( 10, 10 )

[node name="Level5" type="Node" index="0"]

script = ExtResource( 1 )

[node name="Level" type="Node" parent="." index="0"]

[node name="Sprite" type="Sprite" parent="Level" index="0"]

position = Vector2( 531.667, -290.081 )
scale = Vector2( 1.4037, 1.2664 )
texture = ExtResource( 2 )
_sections_unfolded = [ "Visibility" ]

[node name="Boundaries" type="StaticBody2D" parent="Level" index="1"]

editor/display_folded = true
input_pickable = false
collision_layer = 1
collision_mask = 1
constant_linear_velocity = Vector2( 0, 0 )
constant_angular_velocity = 0.0
friction = 1.0
bounce = 0.0

[node name="Bottom" type="CollisionShape2D" parent="Level/Boundaries" index="0"]

position = Vector2( 510.553, 10.2384 )
scale = Vector2( 52.6176, 1 )
shape = SubResource( 1 )

[node name="Top" type="CollisionShape2D" parent="Level/Boundaries" index="1"]

position = Vector2( 503.751, -615.532 )
scale = Vector2( 52.6176, 1 )
shape = SubResource( 1 )

[node name="left" type="CollisionShape2D" parent="Level/Boundaries" index="2"]

position = Vector2( 1038.13, -315.48 )
shape = SubResource( 2 )

[node name="left2" type="CollisionShape2D" parent="Level/Boundaries" index="3"]

position = Vector2( -15.4224, -310.72 )
shape = SubResource( 2 )

[node name="Camera2D" type="Camera2D" parent="." index="1"]

position = Vector2( 509.88, -301.002 )
anchor_mode = 1
rotating = false
current = true
zoom = Vector2( 1, 1 )
limit_left = -10000000
limit_top = -10000000
limit_right = 10000000
limit_bottom = 10000000
limit_smoothed = false
drag_margin_h_enabled = true
drag_margin_v_enabled = true
smoothing_enabled = false
smoothing_speed = 5.0
offset_v = 0.0
offset_h = 0.0
drag_margin_left = 0.2
drag_margin_top = 0.2
drag_margin_right = 0.2
drag_margin_bottom = 0.2
editor_draw_screen = true
editor_draw_limits = false
editor_draw_drag_margin = false
_sections_unfolded = [ "Editor", "Transform" ]

[node name="Pumps" type="Node" parent="." index="2"]

[node name="Decals" type="Node" parent="." index="3"]

[node name="shadowed" type="Sprite" parent="Decals" index="0"]

visible = false
modulate = Color( 0.015625, 0.0153198, 0.0153198, 0.613255 )
position = Vector2( 495.069, -283.499 )
scale = Vector2( 16.4709, 9.85935 )
z_index = 1000
texture = ExtResource( 3 )
_sections_unfolded = [ "Visibility", "Z Index" ]

[node name="youwin" type="AnimatedSprite" parent="Decals" index="1"]

visible = false
position = Vector2( 514.04, -298.357 )
scale = Vector2( 1.63636, 0.956172 )
z_index = 1001
frames = SubResource( 3 )
animation = "winning"
playing = true
_sections_unfolded = [ "Visibility", "Z Index" ]

[node name="Levelsounds" type="AudioStreamPlayer" parent="." index="4"]

stream = ExtResource( 6 )
volume_db = 10.0
pitch_scale = 1.0
autoplay = true
mix_target = 0
bus = "Master"

[node name="Levelfx" type="AudioStreamPlayer" parent="." index="5"]

stream = null
volume_db = 0.0
pitch_scale = 1.0
autoplay = false
mix_target = 0
bus = "Master"
script = ExtResource( 7 )

[node name="Marks" type="Node2D" parent="." index="6"]

[node name="Player" type="Node2D" parent="Marks" index="0"]

[node name="start" type="Position2D" parent="Marks/Player" index="0"]

position = Vector2( 910, -110 )

[node name="Bubbles" type="Node2D" parent="Marks" index="1"]

position = Vector2( 10, 0 )

[node name="bigger,b103c2f5" type="Position2D" parent="Marks/Bubbles" index="0"]

modulate = Color( 1, 1, 1, 0.696118 )
position = Vector2( 300, -530 )
scale = Vector2( 1.26679, 1 )
_sections_unfolded = [ "Visibility" ]

[node name="big,b100ffcf" type="Position2D" parent="Marks/Bubbles" index="1"]

modulate = Color( 1, 1, 1, 0.696118 )
position = Vector2( 930, -530 )
scale = Vector2( 1.26679, 1 )
_sections_unfolded = [ "Visibility" ]

[node name="big,b1ff0047" type="Position2D" parent="Marks/Bubbles" index="2"]

modulate = Color( 1, 1, 1, 0.696118 )
position = Vector2( 700, -380 )
scale = Vector2( 1.26679, 1 )
_sections_unfolded = [ "Visibility" ]

[node name="Blocks" type="Node2D" parent="." index="7"]

position = Vector2( -1, 0 )

[node name="right,80" type="StaticBody2D" parent="Blocks" index="0" groups=[
"platforms",
]]

editor/display_folded = true
modulate = Color( 0.816406, 0.570847, 0.611134, 1 )
position = Vector2( 591, -370 )
scale = Vector2( 1.875, 0.3125 )
input_pickable = false
collision_layer = 1
collision_mask = 1
constant_linear_velocity = Vector2( 0, 0 )
constant_angular_velocity = 0.0
friction = 1.0
bounce = 0.0
__meta__ = {
"_edit_group_": true
}

[node name="CollisionShape2D" type="CollisionShape2D" parent="Blocks/right,80" index="0"]

position = Vector2( -0.120003, -18.9409 )
scale = Vector2( 3.60957, 3.12884 )
shape = SubResource( 4 )

[node name="block1" type="Sprite" parent="Blocks/right,80" index="1"]

position = Vector2( 0.258125, -14.6753 )
scale = Vector2( 0.361416, 1.34095 )
texture = ExtResource( 8 )

[node name="right,52" type="StaticBody2D" parent="Blocks" index="1" groups=[
"platforms",
]]

editor/display_folded = true
modulate = Color( 0.816406, 0.570847, 0.611134, 1 )
position = Vector2( 671, -200 )
scale = Vector2( 1.875, 0.3125 )
input_pickable = false
collision_layer = 1
collision_mask = 1
constant_linear_velocity = Vector2( 0, 0 )
constant_angular_velocity = 0.0
friction = 1.0
bounce = 0.0
__meta__ = {
"_edit_group_": true
}

[node name="CollisionShape2D" type="CollisionShape2D" parent="Blocks/right,52" index="0"]

position = Vector2( -0.120003, -18.9409 )
scale = Vector2( 3.60957, 3.12884 )
shape = SubResource( 4 )

[node name="block1" type="Sprite" parent="Blocks/right,52" index="1"]

position = Vector2( 0.258125, -14.6753 )
scale = Vector2( 0.361416, 1.34095 )
texture = ExtResource( 8 )

[node name="right,51" type="StaticBody2D" parent="Blocks" index="2" groups=[
"platforms",
]]

editor/display_folded = true
modulate = Color( 0.816406, 0.570847, 0.611134, 1 )
position = Vector2( 321, -30 )
scale = Vector2( 1.875, 0.3125 )
input_pickable = false
collision_layer = 1
collision_mask = 1
constant_linear_velocity = Vector2( 0, 0 )
constant_angular_velocity = 0.0
friction = 1.0
bounce = 0.0
__meta__ = {
"_edit_group_": true
}

[node name="CollisionShape2D" type="CollisionShape2D" parent="Blocks/right,51" index="0"]

position = Vector2( -0.120003, -18.9409 )
scale = Vector2( 3.60957, 3.12884 )
shape = SubResource( 4 )

[node name="block1" type="Sprite" parent="Blocks/right,51" index="1"]

position = Vector2( 0.258125, -14.6753 )
scale = Vector2( 0.361416, 1.34095 )
texture = ExtResource( 8 )

[node name="right,54" type="StaticBody2D" parent="Blocks" index="3" groups=[
"platforms",
]]

editor/display_folded = true
modulate = Color( 0.816406, 0.570847, 0.611134, 1 )
position = Vector2( 801, -200 )
scale = Vector2( 1.875, 0.3125 )
input_pickable = false
collision_layer = 1
collision_mask = 1
constant_linear_velocity = Vector2( 0, 0 )
constant_angular_velocity = 0.0
friction = 1.0
bounce = 0.0
__meta__ = {
"_edit_group_": true
}

[node name="CollisionShape2D" type="CollisionShape2D" parent="Blocks/right,54" index="0"]

position = Vector2( -0.120003, -18.9409 )
scale = Vector2( 3.60957, 3.12884 )
shape = SubResource( 4 )

[node name="block1" type="Sprite" parent="Blocks/right,54" index="1"]

position = Vector2( 0.258125, -14.6753 )
scale = Vector2( 0.361416, 1.34095 )
texture = ExtResource( 8 )

[node name="right,53" type="StaticBody2D" parent="Blocks" index="4" groups=[
"platforms",
]]

editor/display_folded = true
modulate = Color( 0.816406, 0.570847, 0.611134, 1 )
position = Vector2( 831, -370 )
scale = Vector2( 1.875, 0.3125 )
input_pickable = false
collision_layer = 1
collision_mask = 1
constant_linear_velocity = Vector2( 0, 0 )
constant_angular_velocity = 0.0
friction = 1.0
bounce = 0.0
__meta__ = {
"_edit_group_": true
}

[node name="CollisionShape2D" type="CollisionShape2D" parent="Blocks/right,53" index="0"]

position = Vector2( -0.120003, -18.9409 )
scale = Vector2( 3.60957, 3.12884 )
shape = SubResource( 4 )

[node name="block1" type="Sprite" parent="Blocks/right,53" index="1"]

position = Vector2( 0.258125, -14.6753 )
scale = Vector2( 0.361416, 1.34095 )
texture = ExtResource( 8 )

[node name="left,80" type="StaticBody2D" parent="Blocks" index="5" groups=[
"platforms",
]]

editor/display_folded = true
modulate = Color( 0.816406, 0.570847, 0.611134, 1 )
position = Vector2( 441, -10 )
scale = Vector2( 1.875, 0.3125 )
input_pickable = false
collision_layer = 1
collision_mask = 1
constant_linear_velocity = Vector2( 0, 0 )
constant_angular_velocity = 0.0
friction = 1.0
bounce = 0.0
__meta__ = {
"_edit_group_": true
}

[node name="CollisionShape2D" type="CollisionShape2D" parent="Blocks/left,80" index="0"]

position = Vector2( -0.120003, -18.9409 )
scale = Vector2( 3.60957, 3.12884 )
shape = SubResource( 4 )

[node name="block1" type="Sprite" parent="Blocks/left,80" index="1"]

position = Vector2( 0.258125, -14.6753 )
scale = Vector2( 0.361416, 1.34095 )
texture = ExtResource( 8 )

[node name="left,52" type="StaticBody2D" parent="Blocks" index="6" groups=[
"platforms",
]]

editor/display_folded = true
modulate = Color( 0.816406, 0.570847, 0.611134, 1 )
position = Vector2( 961, -370 )
scale = Vector2( 1.875, 0.3125 )
input_pickable = false
collision_layer = 1
collision_mask = 1
constant_linear_velocity = Vector2( 0, 0 )
constant_angular_velocity = 0.0
friction = 1.0
bounce = 0.0
__meta__ = {
"_edit_group_": true
}

[node name="CollisionShape2D" type="CollisionShape2D" parent="Blocks/left,52" index="0"]

position = Vector2( -0.120003, -18.9409 )
scale = Vector2( 3.60957, 3.12884 )
shape = SubResource( 4 )

[node name="block1" type="Sprite" parent="Blocks/left,52" index="1"]

position = Vector2( 0.258125, -14.6753 )
scale = Vector2( 0.361416, 1.34095 )
texture = ExtResource( 8 )

[node name="left,61" type="StaticBody2D" parent="Blocks" index="7" groups=[
"platforms",
]]

editor/display_folded = true
modulate = Color( 0.816406, 0.570847, 0.611134, 1 )
position = Vector2( 541, -200 )
scale = Vector2( 1.875, 0.3125 )
input_pickable = false
collision_layer = 1
collision_mask = 1
constant_linear_velocity = Vector2( 0, 0 )
constant_angular_velocity = 0.0
friction = 1.0
bounce = 0.0
__meta__ = {
"_edit_group_": true
}

[node name="CollisionShape2D" type="CollisionShape2D" parent="Blocks/left,61" index="0"]

position = Vector2( -0.120003, -18.9409 )
scale = Vector2( 3.60957, 3.12884 )
shape = SubResource( 4 )

[node name="block1" type="Sprite" parent="Blocks/left,61" index="1"]

position = Vector2( 0.258125, -14.6753 )
scale = Vector2( 0.361416, 1.34095 )
texture = ExtResource( 8 )

[node name="left,51" type="StaticBody2D" parent="Blocks" index="8" groups=[
"platforms",
]]

editor/display_folded = true
modulate = Color( 0.816406, 0.570847, 0.611134, 1 )
position = Vector2( 211, -50 )
scale = Vector2( 1.875, 0.3125 )
input_pickable = false
collision_layer = 1
collision_mask = 1
constant_linear_velocity = Vector2( 0, 0 )
constant_angular_velocity = 0.0
friction = 1.0
bounce = 0.0
__meta__ = {
"_edit_group_": true
}

[node name="CollisionShape2D" type="CollisionShape2D" parent="Blocks/left,51" index="0"]

position = Vector2( -0.120003, -18.9409 )
scale = Vector2( 3.60957, 3.12884 )
shape = SubResource( 4 )

[node name="block1" type="Sprite" parent="Blocks/left,51" index="1"]

position = Vector2( 0.258125, -14.6753 )
scale = Vector2( 0.361416, 1.34095 )
texture = ExtResource( 8 )

[node name="left,54" type="StaticBody2D" parent="Blocks" index="9" groups=[
"platforms",
]]

editor/display_folded = true
modulate = Color( 0.816406, 0.570847, 0.611134, 1 )
position = Vector2( 70, -370 )
scale = Vector2( 1.875, 0.3125 )
input_pickable = false
collision_layer = 1
collision_mask = 1
constant_linear_velocity = Vector2( 0, 0 )
constant_angular_velocity = 0.0
friction = 1.0
bounce = 0.0
__meta__ = {
"_edit_group_": true
}

[node name="CollisionShape2D" type="CollisionShape2D" parent="Blocks/left,54" index="0"]

position = Vector2( -0.120003, -18.9409 )
scale = Vector2( 3.60957, 3.12884 )
shape = SubResource( 4 )

[node name="block1" type="Sprite" parent="Blocks/left,54" index="1"]

position = Vector2( 0.258125, -14.6753 )
scale = Vector2( 0.361416, 1.34095 )
texture = ExtResource( 8 )

[node name="left,55" type="StaticBody2D" parent="Blocks" index="10" groups=[
"platforms",
]]

editor/display_folded = true
modulate = Color( 0.816406, 0.570847, 0.611134, 1 )
position = Vector2( 200, -370 )
scale = Vector2( 1.875, 0.3125 )
input_pickable = false
collision_layer = 1
collision_mask = 1
constant_linear_velocity = Vector2( 0, 0 )
constant_angular_velocity = 0.0
friction = 1.0
bounce = 0.0
__meta__ = {
"_edit_group_": true
}

[node name="CollisionShape2D" type="CollisionShape2D" parent="Blocks/left,55" index="0"]

position = Vector2( -0.120003, -18.9409 )
scale = Vector2( 3.60957, 3.12884 )
shape = SubResource( 4 )

[node name="block1" type="Sprite" parent="Blocks/left,55" index="1"]

position = Vector2( 0.258125, -14.6753 )
scale = Vector2( 0.361416, 1.34095 )
texture = ExtResource( 8 )

[node name="left,56" type="StaticBody2D" parent="Blocks" index="11" groups=[
"platforms",
]]

editor/display_folded = true
modulate = Color( 0.816406, 0.570847, 0.611134, 1 )
position = Vector2( 330, -370 )
scale = Vector2( 1.875, 0.3125 )
input_pickable = false
collision_layer = 1
collision_mask = 1
constant_linear_velocity = Vector2( 0, 0 )
constant_angular_velocity = 0.0
friction = 1.0
bounce = 0.0
__meta__ = {
"_edit_group_": true
}

[node name="CollisionShape2D" type="CollisionShape2D" parent="Blocks/left,56" index="0"]

position = Vector2( -0.120003, -18.9409 )
scale = Vector2( 3.60957, 3.12884 )
shape = SubResource( 4 )

[node name="block1" type="Sprite" parent="Blocks/left,56" index="1"]

position = Vector2( 0.258125, -14.6753 )
scale = Vector2( 0.361416, 1.34095 )
texture = ExtResource( 8 )

[node name="left,57" type="StaticBody2D" parent="Blocks" index="12" groups=[
"platforms",
]]

editor/display_folded = true
modulate = Color( 0.816406, 0.570847, 0.611134, 1 )
position = Vector2( 460, -370 )
scale = Vector2( 1.875, 0.3125 )
input_pickable = false
collision_layer = 1
collision_mask = 1
constant_linear_velocity = Vector2( 0, 0 )
constant_angular_velocity = 0.0
friction = 1.0
bounce = 0.0
__meta__ = {
"_edit_group_": true
}

[node name="CollisionShape2D" type="CollisionShape2D" parent="Blocks/left,57" index="0"]

position = Vector2( -0.120003, -18.9409 )
scale = Vector2( 3.60957, 3.12884 )
shape = SubResource( 4 )

[node name="block1" type="Sprite" parent="Blocks/left,57" index="1"]

position = Vector2( 0.258125, -14.6753 )
scale = Vector2( 0.361416, 1.34095 )
texture = ExtResource( 8 )

[node name="left,53" type="StaticBody2D" parent="Blocks" index="13" groups=[
"platforms",
]]

editor/display_folded = true
modulate = Color( 0.816406, 0.570847, 0.611134, 1 )
position = Vector2( 331, -200 )
scale = Vector2( 1.875, 0.3125 )
input_pickable = false
collision_layer = 1
collision_mask = 1
constant_linear_velocity = Vector2( 0, 0 )
constant_angular_velocity = 0.0
friction = 1.0
bounce = 0.0
__meta__ = {
"_edit_group_": true
}

[node name="CollisionShape2D" type="CollisionShape2D" parent="Blocks/left,53" index="0"]

position = Vector2( -0.120003, -18.9409 )
scale = Vector2( 3.60957, 3.12884 )
shape = SubResource( 4 )

[node name="block1" type="Sprite" parent="Blocks/left,53" index="1"]

position = Vector2( 0.258125, -14.6753 )
scale = Vector2( 0.361416, 1.34095 )
texture = ExtResource( 8 )

[node name="harpoons" type="Node" parent="." index="8"]

[node name="Portals" type="Node" parent="." index="9"]

script = ExtResource( 9 )

[node name="Label" type="Label" parent="Portals" index="0"]

anchor_left = 0.0
anchor_top = 0.0
anchor_right = 0.0
anchor_bottom = 0.0
margin_right = 40.0
margin_bottom = 14.0
rect_pivot_offset = Vector2( 0, 0 )
rect_clip_content = false
mouse_filter = 2
mouse_default_cursor_shape = 0
size_flags_horizontal = 1
size_flags_vertical = 4
text = "0.05,1,2"
percent_visible = 1.0
lines_skipped = 0
max_lines_visible = -1


