[gd_scene load_steps=15 format=2]

[ext_resource path="res://pang.gd" type="Script" id=1]
[ext_resource path="res://assets/art/levels/losbarrios.png" type="Texture" id=2]
[ext_resource path="res://icon.png" type="Texture" id=3]
[ext_resource path="res://assets/art/Tiles/youwin.png" type="Texture" id=4]
[ext_resource path="res://assets/art/Tiles/youwin2.png" type="Texture" id=5]
[ext_resource path="res://assets/music/music2.ogg" type="AudioStream" id=6]
[ext_resource path="res://Levelsounds.gd" type="Script" id=7]
[ext_resource path="res://assets/art/Tiles/block.png" type="Texture" id=8]
[ext_resource path="res://Blocks.gd" type="Script" id=9]

[sub_resource type="RectangleShape2D" id=1]

custom_solver_bias = 0.0
extents = Vector2( 10.0318, 10 )

[sub_resource type="RectangleShape2D" id=2]

custom_solver_bias = 0.0
extents = Vector2( 10, 357.443 )

[sub_resource type="SpriteFrames" id=3]

animations = [ {
"frames": [ ExtResource( 4 ), ExtResource( 5 ) ],
"loop": true,
"name": "winning",
"speed": 2.0
} ]

[sub_resource type="RectangleShape2D" id=4]

custom_solver_bias = 0.0
extents = Vector2( 9.6893, 10 )

[sub_resource type="RectangleShape2D" id=5]

custom_solver_bias = 0.0
extents = Vector2( 15.5897, 12.96 )

[node name="Level5" type="Node" index="0"]

script = ExtResource( 1 )

[node name="Level" type="Node" parent="." index="0"]

[node name="Sprite" type="Sprite" parent="Level" index="0"]

position = Vector2( 514.577, -307.097 )
scale = Vector2( 1.30132, 1.39515 )
texture = ExtResource( 2 )
_sections_unfolded = [ "Visibility" ]

[node name="Boundaries" type="StaticBody2D" parent="Level" index="1"]

input_pickable = false
collision_layer = 1
collision_mask = 1
constant_linear_velocity = Vector2( 0, 0 )
constant_angular_velocity = 0.0
friction = 1.0
bounce = 0.0

[node name="Bottom" type="CollisionShape2D" parent="Level/Boundaries" index="0"]

position = Vector2( 510.553, 10.2384 )
scale = Vector2( 52.6176, 1 )
shape = SubResource( 1 )

[node name="Top" type="CollisionShape2D" parent="Level/Boundaries" index="1"]

position = Vector2( 503.751, -615.532 )
scale = Vector2( 52.6176, 1 )
shape = SubResource( 1 )

[node name="left" type="CollisionShape2D" parent="Level/Boundaries" index="2"]

position = Vector2( 1038.13, -315.48 )
shape = SubResource( 2 )

[node name="left2" type="CollisionShape2D" parent="Level/Boundaries" index="3"]

position = Vector2( -15.4224, -310.72 )
shape = SubResource( 2 )

[node name="Camera2D" type="Camera2D" parent="." index="1"]

position = Vector2( 509.88, -301.002 )
anchor_mode = 1
rotating = false
current = true
zoom = Vector2( 1, 1 )
limit_left = -10000000
limit_top = -10000000
limit_right = 10000000
limit_bottom = 10000000
limit_smoothed = false
drag_margin_h_enabled = true
drag_margin_v_enabled = true
smoothing_enabled = false
smoothing_speed = 5.0
offset_v = 0.0
offset_h = 0.0
drag_margin_left = 0.2
drag_margin_top = 0.2
drag_margin_right = 0.2
drag_margin_bottom = 0.2
editor_draw_screen = true
editor_draw_limits = false
editor_draw_drag_margin = false
_sections_unfolded = [ "Editor", "Transform" ]

[node name="Pumps" type="Node" parent="." index="2"]

[node name="Decals" type="Node" parent="." index="3"]

editor/display_folded = true

[node name="shadowed" type="Sprite" parent="Decals" index="0"]

visible = false
modulate = Color( 0.015625, 0.0153198, 0.0153198, 0.613255 )
position = Vector2( 495.069, -283.499 )
scale = Vector2( 16.4709, 9.85935 )
z_index = 1000
texture = ExtResource( 3 )
_sections_unfolded = [ "Visibility", "Z Index" ]

[node name="youwin" type="AnimatedSprite" parent="Decals" index="1"]

visible = false
position = Vector2( 514.04, -298.357 )
scale = Vector2( 1.63636, 0.956172 )
z_index = 1001
frames = SubResource( 3 )
animation = "winning"
frame = 1
playing = true
_sections_unfolded = [ "Visibility", "Z Index" ]

[node name="Levelsounds" type="AudioStreamPlayer" parent="." index="4"]

stream = ExtResource( 6 )
volume_db = 0.0
pitch_scale = 1.0
autoplay = true
mix_target = 0
bus = "Master"

[node name="Levelfx" type="AudioStreamPlayer" parent="." index="5"]

stream = null
volume_db = 0.0
pitch_scale = 1.0
autoplay = false
mix_target = 0
bus = "Master"
script = ExtResource( 7 )

[node name="Marks" type="Node2D" parent="." index="6"]

editor/display_folded = true

[node name="Player" type="Node2D" parent="Marks" index="0"]

[node name="start" type="Position2D" parent="Marks/Player" index="0"]

position = Vector2( 520, -100 )

[node name="Bubbles" type="Node2D" parent="Marks" index="1"]

position = Vector2( 10, 0 )

[node name="bigger,c10771fa" type="Position2D" parent="Marks/Bubbles" index="0"]

modulate = Color( 1, 1, 1, 0.696118 )
position = Vector2( 940, -520 )
_sections_unfolded = [ "Visibility" ]

[node name="bigger,b1ff00d1" type="Position2D" parent="Marks/Bubbles" index="1"]

modulate = Color( 1, 1, 1, 0.696118 )
position = Vector2( 500, -540 )
_sections_unfolded = [ "Visibility" ]

[node name="bigger,b1ffe909" type="Position2D" parent="Marks/Bubbles" index="2"]

modulate = Color( 1, 1, 1, 0.696118 )
position = Vector2( 140, -550 )
scale = Vector2( 1.26679, 1 )
_sections_unfolded = [ "Visibility" ]

[node name="Blocks" type="Node2D" parent="." index="7"]

[node name="block4" type="StaticBody2D" parent="Blocks" index="0" groups=[
"platforms",
]]

modulate = Color( 0.341176, 0.682353, 0.184314, 1 )
position = Vector2( 72, -58 )
input_pickable = false
collision_layer = 1
collision_mask = 1
constant_linear_velocity = Vector2( 0, 0 )
constant_angular_velocity = 0.0
friction = 1.0
bounce = 0.0
__meta__ = {
"_edit_group_": true
}

[node name="CollisionShape2D" type="CollisionShape2D" parent="Blocks/block4" index="0"]

position = Vector2( 249.775, -315.919 )
scale = Vector2( 6.76794, 0.977762 )
shape = SubResource( 4 )

[node name="block1" type="Sprite" parent="Blocks/block4" index="1"]

position = Vector2( 250.484, -314.586 )
scale = Vector2( 0.677655, 0.419048 )
texture = ExtResource( 8 )

[node name="left,130" type="StaticBody2D" parent="Blocks" index="1" groups=[
"platforms",
]]

modulate = Color( 0.341176, 0.682353, 0.184314, 1 )
position = Vector2( 192, -38 )
input_pickable = false
collision_layer = 1
collision_mask = 1
constant_linear_velocity = Vector2( 0, 0 )
constant_angular_velocity = 0.0
friction = 1.0
bounce = 0.0
script = ExtResource( 9 )
_sections_unfolded = [ "Transform" ]
__meta__ = {
"_edit_group_": true
}

[node name="CollisionShape2D" type="CollisionShape2D" parent="Blocks/left,130" index="0"]

position = Vector2( 249.775, -315.919 )
scale = Vector2( 6.76794, 0.977762 )
shape = SubResource( 4 )

[node name="block1" type="Sprite" parent="Blocks/left,130" index="1"]

position = Vector2( 250.484, -314.586 )
scale = Vector2( 0.677655, 0.419048 )
texture = ExtResource( 8 )

[node name="block8" type="StaticBody2D" parent="Blocks" index="2" groups=[
"platforms",
]]

modulate = Color( 0.341176, 0.682353, 0.184314, 1 )
position = Vector2( 704, -56 )
input_pickable = false
collision_layer = 1
collision_mask = 1
constant_linear_velocity = Vector2( 0, 0 )
constant_angular_velocity = 0.0
friction = 1.0
bounce = 0.0
__meta__ = {
"_edit_group_": true
}

[node name="CollisionShape2D" type="CollisionShape2D" parent="Blocks/block8" index="0"]

position = Vector2( 249.775, -315.919 )
scale = Vector2( 6.76794, 0.977762 )
shape = SubResource( 4 )

[node name="block1" type="Sprite" parent="Blocks/block8" index="1"]

position = Vector2( 250.484, -314.586 )
scale = Vector2( 0.677655, 0.419048 )
texture = ExtResource( 8 )

[node name="block10" type="StaticBody2D" parent="Blocks" index="3" groups=[
"platforms",
]]

modulate = Color( 0.341176, 0.682353, 0.184314, 1 )
position = Vector2( 574, -56 )
input_pickable = false
collision_layer = 1
collision_mask = 1
constant_linear_velocity = Vector2( 0, 0 )
constant_angular_velocity = 0.0
friction = 1.0
bounce = 0.0
__meta__ = {
"_edit_group_": true
}

[node name="CollisionShape2D" type="CollisionShape2D" parent="Blocks/block10" index="0"]

position = Vector2( 249.775, -315.919 )
scale = Vector2( 6.76794, 0.977762 )
shape = SubResource( 4 )

[node name="block1" type="Sprite" parent="Blocks/block10" index="1"]

position = Vector2( 250.484, -314.586 )
scale = Vector2( 0.677655, 0.419048 )
texture = ExtResource( 8 )

[node name="block11" type="StaticBody2D" parent="Blocks" index="4" groups=[
"platforms",
]]

modulate = Color( 0.341176, 0.682353, 0.184314, 1 )
position = Vector2( 444, -56 )
input_pickable = false
collision_layer = 1
collision_mask = 1
constant_linear_velocity = Vector2( 0, 0 )
constant_angular_velocity = 0.0
friction = 1.0
bounce = 0.0
__meta__ = {
"_edit_group_": true
}

[node name="CollisionShape2D" type="CollisionShape2D" parent="Blocks/block11" index="0"]

position = Vector2( 249.775, -315.919 )
scale = Vector2( 6.76794, 0.977762 )
shape = SubResource( 4 )

[node name="block1" type="Sprite" parent="Blocks/block11" index="1"]

position = Vector2( 250.484, -314.586 )
scale = Vector2( 0.677655, 0.419048 )
texture = ExtResource( 8 )

[node name="right,130" type="StaticBody2D" parent="Blocks" index="5" groups=[
"platforms",
]]

editor/display_folded = true
modulate = Color( 0.341176, 0.682353, 0.184314, 1 )
position = Vector2( 322, -38 )
input_pickable = false
collision_layer = 1
collision_mask = 1
constant_linear_velocity = Vector2( 0, 0 )
constant_angular_velocity = 0.0
friction = 1.0
bounce = 0.0
script = ExtResource( 9 )
_sections_unfolded = [ "Transform" ]
__meta__ = {
"_edit_group_": true
}

[node name="CollisionShape2D" type="CollisionShape2D" parent="Blocks/right,130" index="0"]

position = Vector2( 249.775, -315.919 )
scale = Vector2( 6.76794, 0.977762 )
shape = SubResource( 4 )

[node name="block1" type="Sprite" parent="Blocks/right,130" index="1"]

position = Vector2( 250.484, -314.586 )
scale = Vector2( 0.677655, 0.419048 )
texture = ExtResource( 8 )

[node name="block7" type="StaticBody2D" parent="Blocks" index="6" groups=[
"platforms",
]]

editor/display_folded = true
modulate = Color( 0.341176, 0.682353, 0.184314, 1 )
position = Vector2( -188, -58 )
input_pickable = false
collision_layer = 1
collision_mask = 1
constant_linear_velocity = Vector2( 0, 0 )
constant_angular_velocity = 0.0
friction = 1.0
bounce = 0.0
__meta__ = {
"_edit_group_": true
}

[node name="CollisionShape2D" type="CollisionShape2D" parent="Blocks/block7" index="0"]

position = Vector2( 249.775, -315.919 )
scale = Vector2( 6.76794, 0.977762 )
shape = SubResource( 4 )

[node name="block1" type="Sprite" parent="Blocks/block7" index="1"]

position = Vector2( 250.484, -314.586 )
scale = Vector2( 0.677655, 0.419048 )
texture = ExtResource( 8 )

[node name="block9" type="StaticBody2D" parent="Blocks" index="7" groups=[
"platforms",
]]

editor/display_folded = true
modulate = Color( 0.341176, 0.682353, 0.184314, 1 )
position = Vector2( -58, -58 )
input_pickable = false
collision_layer = 1
collision_mask = 1
constant_linear_velocity = Vector2( 0, 0 )
constant_angular_velocity = 0.0
friction = 1.0
bounce = 0.0
__meta__ = {
"_edit_group_": true
}

[node name="CollisionShape2D" type="CollisionShape2D" parent="Blocks/block9" index="0"]

position = Vector2( 249.775, -315.919 )
scale = Vector2( 6.76794, 0.977762 )
shape = SubResource( 4 )

[node name="block1" type="Sprite" parent="Blocks/block9" index="1"]

position = Vector2( 250.484, -314.586 )
scale = Vector2( 0.677655, 0.419048 )
texture = ExtResource( 8 )

[node name="harpoons" type="Node" parent="." index="8"]

[node name="Portal" type="Area2D" parent="." index="9"]

position = Vector2( 169.59, -33.3403 )
scale = Vector2( 3, 1 )
z_index = 500
input_pickable = true
gravity_vec = Vector2( 0, 1 )
gravity = 98.0
linear_damp = 0.1
angular_damp = 1.0
audio_bus_override = false
audio_bus_name = "Master"
_sections_unfolded = [ "Z Index" ]
__meta__ = {
"_edit_group_": true
}

[node name="CollisionShape2D" type="CollisionShape2D" parent="Portal" index="0"]

position = Vector2( -5.10811, -0.653577 )
scale = Vector2( 1.69873, 2.22738 )
shape = SubResource( 5 )

[node name="block12" type="StaticBody2D" parent="Portal" index="1" groups=[
"platforms",
]]

editor/display_folded = true
modulate = Color( 0.188205, 0.184314, 0.682353, 1 )
position = Vector2( -179.123, 337.523 )
scale = Vector2( 0.664623, 1 )
z_index = 100
input_pickable = false
collision_layer = 1
collision_mask = 1
constant_linear_velocity = Vector2( 0, 0 )
constant_angular_velocity = 0.0
friction = 1.0
bounce = 0.0
_sections_unfolded = [ "Visibility", "Z Index" ]
__meta__ = {
"_edit_group_": true
}

[node name="CollisionShape2D" type="CollisionShape2D" parent="Portal/block12" index="0"]

position = Vector2( 249.775, -315.919 )
scale = Vector2( 6.76794, 0.977762 )
shape = SubResource( 4 )

[node name="block1" type="Sprite" parent="Portal/block12" index="1"]

position = Vector2( 259.813, -314.586 )
scale = Vector2( 0.770946, 0.419048 )
texture = ExtResource( 8 )
_sections_unfolded = [ "Visibility" ]

[node name="block14" type="StaticBody2D" parent="Portal" index="2" groups=[
"platforms",
]]

modulate = Color( 0.188205, 0.184314, 0.682353, 1 )
position = Vector2( -78.2922, 356.359 )
scale = Vector2( 0.664623, 1 )
z_index = 100
input_pickable = false
collision_layer = 1
collision_mask = 1
constant_linear_velocity = Vector2( 0, 0 )
constant_angular_velocity = 0.0
friction = 1.0
bounce = 0.0
_sections_unfolded = [ "Visibility", "Z Index" ]
__meta__ = {
"_edit_group_": true
}

[node name="CollisionShape2D" type="CollisionShape2D" parent="Portal/block14" index="0"]

position = Vector2( 362.288, -311.487 )
scale = Vector2( 19.4734, 0.977762 )
shape = SubResource( 4 )

[node name="block1" type="Sprite" parent="Portal/block14" index="1"]

position = Vector2( 364.953, -314.586 )
scale = Vector2( 1.82234, 0.419048 )
texture = ExtResource( 8 )
_sections_unfolded = [ "Visibility" ]

[node name="block13" type="StaticBody2D" parent="Portal" index="3" groups=[
"platforms",
]]

modulate = Color( 0.8125, 0.0983887, 0.0983887, 1 )
position = Vector2( -94.779, 317.481 )
scale = Vector2( 0.342766, 1 )
input_pickable = false
collision_layer = 1
collision_mask = 1
constant_linear_velocity = Vector2( 0, 0 )
constant_angular_velocity = 0.0
friction = 1.0
bounce = 0.0
_sections_unfolded = [ "Visibility" ]
__meta__ = {
"_edit_group_": true
}

[node name="CollisionShape2D" type="CollisionShape2D" parent="Portal/block13" index="0"]

position = Vector2( 249.775, -315.919 )
scale = Vector2( 6.76794, 0.977762 )
shape = SubResource( 4 )

[node name="block1" type="Sprite" parent="Portal/block13" index="1"]

position = Vector2( 259.813, -314.586 )
scale = Vector2( 0.770946, 0.419048 )
texture = ExtResource( 8 )
_sections_unfolded = [ "Visibility" ]

[connection signal="body_entered" from="Portal" to="Blocks/left,130" method="_on_Portal_body_entered"]

[connection signal="body_exited" from="Portal" to="Blocks/left,130" method="_on_Portal_body_exited"]


