[gd_scene load_steps=11 format=2]

[ext_resource path="res://pang.gd" type="Script" id=1]
[ext_resource path="res://assets/art/levels/la-linea-ConvertImage.jpg" type="Texture" id=2]
[ext_resource path="res://icon.png" type="Texture" id=3]
[ext_resource path="res://assets/art/Tiles/youwin.png" type="Texture" id=4]
[ext_resource path="res://assets/art/Tiles/youwin2.png" type="Texture" id=5]
[ext_resource path="res://assets/music/music1.ogg" type="AudioStream" id=6]
[ext_resource path="res://Levelsounds.gd" type="Script" id=7]

[sub_resource type="RectangleShape2D" id=1]

custom_solver_bias = 0.0
extents = Vector2( 10.0318, 10 )

[sub_resource type="RectangleShape2D" id=2]

custom_solver_bias = 0.0
extents = Vector2( 10, 357.443 )

[sub_resource type="SpriteFrames" id=3]

animations = [ {
"frames": [ ExtResource( 4 ), ExtResource( 5 ) ],
"loop": true,
"name": "winning",
"speed": 2.0
} ]

[node name="Level2" type="Node" index="0"]

script = ExtResource( 1 )

[node name="Level" type="Node" parent="." index="0"]

editor/display_folded = true

[node name="Sprite" type="Sprite" parent="Level" index="0"]

position = Vector2( 643.763, -262.772 )
scale = Vector2( 1.455, 1.85059 )
texture = ExtResource( 2 )
_sections_unfolded = [ "Visibility" ]

[node name="Boundaries" type="StaticBody2D" parent="Level" index="1"]

input_pickable = false
collision_layer = 1
collision_mask = 1
constant_linear_velocity = Vector2( 0, 0 )
constant_angular_velocity = 0.0
friction = 1.0
bounce = 0.0

[node name="Bottom" type="CollisionShape2D" parent="Level/Boundaries" index="0"]

position = Vector2( 510.553, 10.2384 )
scale = Vector2( 52.6176, 1 )
shape = SubResource( 1 )

[node name="Top" type="CollisionShape2D" parent="Level/Boundaries" index="1"]

position = Vector2( 503.751, -615.532 )
scale = Vector2( 52.6176, 1 )
shape = SubResource( 1 )

[node name="left" type="CollisionShape2D" parent="Level/Boundaries" index="2"]

position = Vector2( 1038.13, -315.48 )
shape = SubResource( 2 )

[node name="left2" type="CollisionShape2D" parent="Level/Boundaries" index="3"]

position = Vector2( -15.4224, -310.72 )
shape = SubResource( 2 )

[node name="Camera2D" type="Camera2D" parent="." index="1"]

position = Vector2( 509.88, -301.002 )
anchor_mode = 1
rotating = false
current = true
zoom = Vector2( 1, 1 )
limit_left = -10000000
limit_top = -10000000
limit_right = 10000000
limit_bottom = 10000000
limit_smoothed = false
drag_margin_h_enabled = true
drag_margin_v_enabled = true
smoothing_enabled = false
smoothing_speed = 5.0
offset_v = 0.0
offset_h = 0.0
drag_margin_left = 0.2
drag_margin_top = 0.2
drag_margin_right = 0.2
drag_margin_bottom = 0.2
editor_draw_screen = true
editor_draw_limits = false
editor_draw_drag_margin = false
_sections_unfolded = [ "Editor", "Transform" ]

[node name="Pumps" type="Node" parent="." index="2"]

[node name="Decals" type="Node" parent="." index="3"]

editor/display_folded = true

[node name="shadowed" type="Sprite" parent="Decals" index="0"]

visible = false
modulate = Color( 0.015625, 0.0153198, 0.0153198, 0.613255 )
position = Vector2( 495.069, -283.499 )
scale = Vector2( 16.4709, 9.85935 )
texture = ExtResource( 3 )
_sections_unfolded = [ "Visibility" ]

[node name="youwin" type="AnimatedSprite" parent="Decals" index="1"]

visible = false
position = Vector2( 514.04, -298.357 )
scale = Vector2( 1.63636, 0.956172 )
frames = SubResource( 3 )
animation = "winning"
playing = true
_sections_unfolded = [ "Visibility" ]

[node name="Levelsounds" type="AudioStreamPlayer" parent="." index="4"]

stream = ExtResource( 6 )
volume_db = 0.0
pitch_scale = 1.0
autoplay = true
mix_target = 0
bus = "Master"

[node name="Levelfx" type="AudioStreamPlayer" parent="." index="5"]

stream = null
volume_db = 0.0
pitch_scale = 1.0
autoplay = false
mix_target = 0
bus = "Master"
script = ExtResource( 7 )

[node name="Marks" type="Node2D" parent="." index="6"]

[node name="Player" type="Node2D" parent="Marks" index="0"]

[node name="start" type="Position2D" parent="Marks/Player" index="0"]

position = Vector2( 512.86, -80.2619 )

[node name="Bubbles" type="Node2D" parent="Marks" index="1"]

[node name="bigger,c3ff0606" type="Position2D" parent="Marks/Bubbles" index="0"]

position = Vector2( 112.618, -549.257 )

[node name="bigger,c10771fa" type="Position2D" parent="Marks/Bubbles" index="1"]

position = Vector2( 940.112, -516.108 )

[node name="harpoons" type="Node" parent="." index="7"]


