[gd_scene load_steps=9 format=2]

[ext_resource path="res://Map.gd" type="Script" id=1]
[ext_resource path="res://assets/art/characters/Items/2shots2.png" type="Texture" id=2]
[ext_resource path="res://assets/art/Tiles/cadiz.png" type="Texture" id=3]
[ext_resource path="res://assets/art/characters/Items/hotairballoon1.png" type="Texture" id=4]
[ext_resource path="res://assets/art/characters/Items/hotairballoon2.png" type="Texture" id=5]
[ext_resource path="res://balloonsounds.gd" type="Script" id=6]
[ext_resource path="res://assets/music/mapmusic.ogg" type="AudioStream" id=7]

[sub_resource type="SpriteFrames" id=1]

animations = [ {
"frames": [ ExtResource( 4 ), ExtResource( 5 ) ],
"loop": true,
"name": "default",
"speed": 5.0
} ]

[node name="Map" type="Node"]

script = ExtResource( 1 )

[node name="Direction" type="Label" parent="." index="0"]

visible = false
anchor_left = 0.0
anchor_top = 0.0
anchor_right = 0.0
anchor_bottom = 0.0
margin_right = 157.0
margin_bottom = 14.0
rect_pivot_offset = Vector2( 0, 0 )
rect_clip_content = false
mouse_filter = 2
mouse_default_cursor_shape = 0
size_flags_horizontal = 1
size_flags_vertical = 4
text = "Cadiz,LaLinea,LosBarrios,Level6"
percent_visible = 1.0
lines_skipped = 0
max_lines_visible = -1

[node name="BackGround" type="Sprite" parent="." index="1"]

modulate = Color( 0, 0, 0, 1 )
position = Vector2( 546.462, 297.493 )
scale = Vector2( 18.2809, 12.5551 )
texture = ExtResource( 2 )
_sections_unfolded = [ "Visibility" ]

[node name="Cadiz" type="Sprite" parent="." index="2"]

position = Vector2( 526.186, 281.853 )
scale = Vector2( 2.13385, 1.58667 )
texture = ExtResource( 3 )

[node name="LaLinea" type="Position2D" parent="Cadiz" index="0"]

position = Vector2( 100.448, 92.9252 )

[node name="LosBarrios" type="Position2D" parent="Cadiz" index="1"]

position = Vector2( 67.0339, 76.2819 )

[node name="Tarifa" type="Position2D" parent="Cadiz" index="2"]

position = Vector2( 41.8704, 139.527 )

[node name="LosCanos" type="Position2D" parent="Cadiz" index="3"]

position = Vector2( -61.2588, 82.3845 )

[node name="Cadiz" type="Position2D" parent="Cadiz" index="4"]

position = Vector2( -120.249, -9.70854 )

[node name="Rota" type="Position2D" parent="Cadiz" index="5"]

position = Vector2( -134.687, -39.1118 )

[node name="Nayra" type="Area2D" parent="." index="3"]

position = Vector2( 832.609, 400.293 )
scale = Vector2( 0.0779352, 0.0784135 )
input_pickable = true
gravity_vec = Vector2( 0, 1 )
gravity = 98.0
linear_damp = 0.1
angular_damp = 1.0
audio_bus_override = false
audio_bus_name = "Master"

[node name="Nayra" type="AnimatedSprite" parent="Nayra" index="0"]

position = Vector2( 14.5635, -719.842 )
scale = Vector2( 1.8961, 1.70078 )
frames = SubResource( 1 )
animation = "default"
playing = true

[node name="sounds" type="AudioStreamPlayer" parent="." index="4"]

stream = null
volume_db = 0.0
pitch_scale = 1.0
autoplay = false
mix_target = 0
bus = "Master"
script = ExtResource( 6 )

[node name="music" type="AudioStreamPlayer" parent="." index="5"]

stream = ExtResource( 7 )
volume_db = 0.0
pitch_scale = 1.0
autoplay = true
mix_target = 0
bus = "Master"

[node name="diff" type="Sprite" parent="." index="6"]

modulate = Color( 0, 0, 0, 1 )
position = Vector2( 546.462, 297.493 )
scale = Vector2( 18.2809, 12.5551 )
texture = ExtResource( 2 )
_sections_unfolded = [ "Visibility" ]


