[gd_scene load_steps=14 format=2]

[ext_resource path="res://Bigger.gd" type="Script" id=1]
[ext_resource path="res://bubblesounds.gd" type="Script" id=2]
[ext_resource path="res://assets/art/characters/bubble.png" type="Texture" id=3]
[ext_resource path="res://assets/art/characters/bubblesplash/1.png" type="Texture" id=4]
[ext_resource path="res://assets/art/characters/bubblesplash/2.png" type="Texture" id=5]
[ext_resource path="res://assets/art/characters/bubblesplash/3.png" type="Texture" id=6]
[ext_resource path="res://assets/art/characters/bubblesplash/4.png" type="Texture" id=7]
[ext_resource path="res://assets/art/characters/bubblesplash/5.png" type="Texture" id=8]
[ext_resource path="res://assets/art/characters/bubblesplash/6.png" type="Texture" id=9]
[ext_resource path="res://assets/art/characters/bubblesplash/7.png" type="Texture" id=10]

[sub_resource type="CircleShape2D" id=1]

custom_solver_bias = 0.0
radius = 12.4446

[sub_resource type="SpriteFrames" id=4]

animations = [ {
"frames": [ ExtResource( 3 ) ],
"loop": true,
"name": "idle",
"speed": 5.0
}, {
"frames": [ ExtResource( 4 ), ExtResource( 5 ), ExtResource( 6 ), ExtResource( 7 ), ExtResource( 8 ), ExtResource( 9 ), ExtResource( 10 ) ],
"loop": true,
"name": "explode",
"speed": 5.0
} ]

[sub_resource type="CircleShape2D" id=3]

custom_solver_bias = 0.0
radius = 149.107

[node name="MediumBubble" type="RigidBody2D"]

modulate = Color( 1, 1, 1, 0.966824 )
scale = Vector2( 0.5, 0.5 )
input_pickable = false
collision_layer = 1
collision_mask = 1
mode = 0
mass = 10.0
friction = 0.0
bounce = 1.0
gravity_scale = 1.0
custom_integrator = false
continuous_cd = 0
contacts_reported = 0
contact_monitor = false
sleeping = false
can_sleep = true
linear_velocity = Vector2( -100, 0 )
linear_damp = -1.0
angular_velocity = 0.0
angular_damp = -1.0
script = ExtResource( 1 )
_sections_unfolded = [ "Angular", "Applied Forces", "Linear", "Transform", "Visibility" ]

[node name="collision" type="CollisionShape2D" parent="." index="0"]

visible = false
scale = Vector2( 9.46934, 9.42888 )
shape = SubResource( 1 )
_sections_unfolded = [ "Transform" ]

[node name="sounds" type="AudioStreamPlayer" parent="." index="1"]

stream = null
volume_db = 0.0
pitch_scale = 1.0
autoplay = false
mix_target = 0
bus = "Master"
script = ExtResource( 2 )

[node name="Sprite" type="AnimatedSprite" parent="." index="2"]

modulate = Color( 1, 1, 1, 0.756902 )
scale = Vector2( 0.8, 0.8 )
frames = SubResource( 4 )
animation = "idle"
_sections_unfolded = [ "Transform", "Visibility" ]

[node name="Area2D" type="Area2D" parent="." index="3"]

editor/display_folded = true
visible = false
scale = Vector2( 3.69781, 3.35231 )
input_pickable = true
gravity_vec = Vector2( 0, 1 )
gravity = 98.0
linear_damp = 0.1
angular_damp = 1.0
audio_bus_override = false
audio_bus_name = "Master"
_sections_unfolded = [ "Transform" ]

[node name="areaCollision" type="CollisionShape2D" parent="Area2D" index="0"]

visible = false
scale = Vector2( 0.219676, 0.235336 )
shape = SubResource( 3 )
_sections_unfolded = [ "Transform", "Visibility" ]

[connection signal="body_entered" from="." to="." method="_on_Bigger_body_entered"]

[connection signal="body_entered" from="Area2D" to="." method="_on_Area2D_body_entered"]


