[gd_scene load_steps=53 format=2]

[ext_resource path="res://playerSelect.gd" type="Script" id=1]
[ext_resource path="res://assets/fonts/Digital_tech.otf" type="DynamicFontData" id=2]
[ext_resource path="res://assets/art/characters/girl/Dead (26).png" type="Texture" id=3]
[ext_resource path="res://assets/art/characters/girl/Dead (27).png" type="Texture" id=4]
[ext_resource path="res://assets/art/characters/girl/Dead (28).png" type="Texture" id=5]
[ext_resource path="res://assets/art/characters/girl/Dead (29).png" type="Texture" id=6]
[ext_resource path="res://assets/art/characters/girl/Dead (30).png" type="Texture" id=7]
[ext_resource path="res://assets/art/menu/title.png" type="Texture" id=8]
[ext_resource path="res://assets/art/characters/bubble.png" type="Texture" id=9]
[ext_resource path="res://bubblesounds.gd" type="Script" id=10]
[ext_resource path="res://assets/music/menumusic.ogg" type="AudioStream" id=11]
[ext_resource path="res://assets/art/characters/girl/Idle (1).png" type="Texture" id=12]
[ext_resource path="res://assets/art/characters/girl/Idle (2).png" type="Texture" id=13]
[ext_resource path="res://assets/art/characters/girl/Idle (3).png" type="Texture" id=14]
[ext_resource path="res://assets/art/characters/girl/Idle (4).png" type="Texture" id=15]
[ext_resource path="res://assets/art/characters/girl/Idle (5).png" type="Texture" id=16]
[ext_resource path="res://assets/art/characters/girl/Idle (6).png" type="Texture" id=17]
[ext_resource path="res://assets/art/characters/girl/Idle (7).png" type="Texture" id=18]
[ext_resource path="res://assets/art/characters/girl/Idle (8).png" type="Texture" id=19]
[ext_resource path="res://assets/art/characters/girl/Idle (9).png" type="Texture" id=20]
[ext_resource path="res://assets/art/characters/girl/Idle (10).png" type="Texture" id=21]
[ext_resource path="res://assets/art/characters/girl/Idle (11).png" type="Texture" id=22]
[ext_resource path="res://assets/art/characters/girl/Idle (12).png" type="Texture" id=23]
[ext_resource path="res://assets/art/characters/girl/Idle (13).png" type="Texture" id=24]
[ext_resource path="res://assets/art/characters/girl/Idle (14).png" type="Texture" id=25]
[ext_resource path="res://assets/art/characters/girl/Idle (15).png" type="Texture" id=26]
[ext_resource path="res://assets/art/characters/ivan/Idle (1).png" type="Texture" id=27]
[ext_resource path="res://assets/art/characters/ivan/Idle (2).png" type="Texture" id=28]
[ext_resource path="res://assets/art/characters/ivan/Idle (3).png" type="Texture" id=29]
[ext_resource path="res://assets/art/characters/ivan/Idle (4).png" type="Texture" id=30]
[ext_resource path="res://assets/art/characters/ivan/Idle (5).png" type="Texture" id=31]
[ext_resource path="res://assets/art/characters/ivan/Idle (6).png" type="Texture" id=32]
[ext_resource path="res://assets/art/characters/ivan/Idle (7).png" type="Texture" id=33]
[ext_resource path="res://assets/art/characters/ivan/Idle (8).png" type="Texture" id=34]
[ext_resource path="res://assets/art/characters/ivan/Idle (9).png" type="Texture" id=35]
[ext_resource path="res://assets/art/characters/ivan/Idle (10).png" type="Texture" id=36]
[ext_resource path="res://assets/art/characters/ivan/Idle (11).png" type="Texture" id=37]
[ext_resource path="res://assets/art/characters/ivan/Idle (12).png" type="Texture" id=38]
[ext_resource path="res://assets/art/characters/ivan/Idle (13).png" type="Texture" id=39]
[ext_resource path="res://assets/art/characters/ivan/Idle (14).png" type="Texture" id=40]
[ext_resource path="res://assets/art/characters/ivan/Idle (15).png" type="Texture" id=41]

[sub_resource type="DynamicFont" id=1]

size = 40
use_mipmaps = false
use_filter = false
font_data = ExtResource( 2 )
_sections_unfolded = [ "Font" ]

[sub_resource type="Theme" id=2]

default_font = SubResource( 1 )

[sub_resource type="Gradient" id=3]

offsets = PoolRealArray( 0.0236686, 1 )
colors = PoolColorArray( 0.00610352, 0.0506783, 0.15625, 1, 1, 1, 1, 1 )

[sub_resource type="GradientTexture" id=4]

flags = 4
gradient = SubResource( 3 )
width = 2048

[sub_resource type="SpriteFrames" id=5]

animations = [ {
"frames": [ ExtResource( 3 ), ExtResource( 4 ), ExtResource( 5 ), ExtResource( 6 ), ExtResource( 7 ), ExtResource( 6 ), ExtResource( 5 ), ExtResource( 4 ) ],
"loop": true,
"name": "default",
"speed": 3.0
} ]

[sub_resource type="Gradient" id=6]

offsets = PoolRealArray( 0.0118343, 0.994083, 1 )
colors = PoolColorArray( 0.953125, 0.617926, 0.454224, 1, 0.0591716, 0.0591716, 0.0591716, 1, 1, 1, 1, 1 )

[sub_resource type="GradientTexture" id=7]

flags = 4
gradient = SubResource( 6 )
width = 2048

[sub_resource type="SpriteFrames" id=8]

animations = [ {
"frames": [ ExtResource( 12 ), ExtResource( 13 ), ExtResource( 14 ), ExtResource( 15 ), ExtResource( 16 ), ExtResource( 17 ), ExtResource( 18 ), ExtResource( 19 ), ExtResource( 20 ), ExtResource( 21 ), ExtResource( 22 ), ExtResource( 23 ), ExtResource( 24 ), ExtResource( 25 ), ExtResource( 26 ) ],
"loop": true,
"name": "default",
"speed": 15.0
} ]

[sub_resource type="DynamicFont" id=10]

size = 60
use_mipmaps = false
use_filter = false
font_data = ExtResource( 2 )
_sections_unfolded = [ "Font", "Settings" ]

[sub_resource type="Theme" id=11]

default_font = SubResource( 10 )

[sub_resource type="SpriteFrames" id=9]

animations = [ {
"frames": [ ExtResource( 27 ), ExtResource( 28 ), ExtResource( 29 ), ExtResource( 30 ), ExtResource( 31 ), ExtResource( 32 ), ExtResource( 33 ), ExtResource( 34 ), ExtResource( 35 ), ExtResource( 36 ), ExtResource( 37 ), ExtResource( 38 ), ExtResource( 39 ), ExtResource( 40 ), ExtResource( 41 ) ],
"loop": true,
"name": "default",
"speed": 15.0
} ]

[node name="PlayerSelect" type="Node2D" index="0"]

position = Vector2( 6.10352e-005, 1.50732 )
script = ExtResource( 1 )

[node name="ui" type="CanvasLayer" parent="." index="0"]

layer = 1
offset = Vector2( 0, 0 )
rotation = 0.0
scale = Vector2( 1, 1 )
transform = Transform2D( 1, 0, 0, 1, 0, 0 )

[node name="control" type="Control" parent="ui" index="0"]

anchor_left = 0.0
anchor_top = 0.0
anchor_right = 0.0
anchor_bottom = 0.0
margin_left = 190.0
margin_top = 127.0
margin_right = 707.0
margin_bottom = 536.0
rect_pivot_offset = Vector2( 0, 0 )
rect_clip_content = false
mouse_filter = 0
mouse_default_cursor_shape = 0
size_flags_horizontal = 1
size_flags_vertical = 1

[node name="Back" type="Button" parent="ui/control" index="0"]

editor/display_folded = true
modulate = Color( 0.736752, 0.672607, 0.742188, 1 )
self_modulate = Color( 0.929688, 0.759003, 0.903018, 1 )
show_behind_parent = true
anchor_left = 0.0
anchor_top = 0.0
anchor_right = 0.0
anchor_bottom = 0.0
margin_left = 110.0
margin_top = 414.507
margin_right = 482.0
margin_bottom = 466.507
rect_pivot_offset = Vector2( 0, 0 )
rect_clip_content = false
focus_mode = 2
mouse_filter = 0
mouse_default_cursor_shape = 0
size_flags_horizontal = 1
size_flags_vertical = 1
theme = SubResource( 2 )
toggle_mode = false
enabled_focus_mode = 2
shortcut = null
group = null
text = "KEY_BACK"
flat = false
align = 1
_sections_unfolded = [ "Theme", "Visibility" ]

[node name="Control" type="Control" parent="ui/control/Back" index="0"]

anchor_left = 0.0
anchor_top = 0.0
anchor_right = 0.0
anchor_bottom = 0.0
margin_left = -1.0
margin_top = -2.0
margin_right = 380.0
margin_bottom = 52.0
rect_pivot_offset = Vector2( 0, 0 )
rect_clip_content = false
mouse_filter = 0
mouse_default_cursor_shape = 0
size_flags_horizontal = 1
size_flags_vertical = 1

[node name="apply" type="Button" parent="ui/control" index="1"]

editor/display_folded = true
modulate = Color( 0.736752, 0.672607, 0.742188, 1 )
self_modulate = Color( 0.929688, 0.759003, 0.903018, 1 )
show_behind_parent = true
anchor_left = 0.0
anchor_top = 0.0
anchor_right = 0.0
anchor_bottom = 0.0
margin_left = -80.0
margin_top = 353.0
margin_right = 106.0
margin_bottom = 402.0
rect_pivot_offset = Vector2( 0, 0 )
rect_clip_content = false
focus_mode = 2
mouse_filter = 0
mouse_default_cursor_shape = 0
size_flags_horizontal = 1
size_flags_vertical = 1
theme = SubResource( 2 )
toggle_mode = false
enabled_focus_mode = 2
shortcut = null
group = null
text = "KEY_APPLY"
flat = false
align = 1
_sections_unfolded = [ "Theme", "Visibility" ]

[node name="Control" type="Control" parent="ui/control/apply" index="0"]

anchor_left = 0.0
anchor_top = 0.0
anchor_right = 0.0
anchor_bottom = 0.0
margin_left = -1.0
margin_top = -2.0
margin_right = 380.0
margin_bottom = 52.0
rect_pivot_offset = Vector2( 0, 0 )
rect_clip_content = false
mouse_filter = 0
mouse_default_cursor_shape = 0
size_flags_horizontal = 1
size_flags_vertical = 1

[node name="NayraControl" type="Control" parent="ui" index="1"]

anchor_left = 0.0
anchor_top = 0.0
anchor_right = 0.0
anchor_bottom = 0.0
margin_left = 150.0
margin_top = 130.0
margin_right = 270.0
margin_bottom = 280.0
rect_pivot_offset = Vector2( 0, 0 )
rect_clip_content = false
mouse_filter = 0
mouse_default_cursor_shape = 0
size_flags_horizontal = 1
size_flags_vertical = 1

[node name="IvanControl" type="Control" parent="ui" index="2"]

anchor_left = 0.0
anchor_top = 0.0
anchor_right = 0.0
anchor_bottom = 0.0
margin_left = 300.0
margin_top = 130.0
margin_right = 420.0
margin_bottom = 280.0
rect_pivot_offset = Vector2( 0, 0 )
rect_clip_content = false
mouse_filter = 0
mouse_default_cursor_shape = 0
size_flags_horizontal = 1
size_flags_vertical = 1

[node name="background" type="Sprite" parent="." index="1"]

position = Vector2( 516.43, 287.221 )
rotation = 1.57524
scale = Vector2( 0.360117, 1238.51 )
texture = SubResource( 4 )

[node name="AnimatedSprite" type="AnimatedSprite" parent="." index="2"]

position = Vector2( 400.68, 210.973 )
rotation = -0.181677
z_index = 1000
frames = SubResource( 5 )
animation = "default"
playing = true
centered = false
_sections_unfolded = [ "Z Index" ]

[node name="title" type="Sprite" parent="." index="3"]

position = Vector2( 486.022, 53.4457 )
z_index = 100
texture = ExtResource( 8 )
_sections_unfolded = [ "Z Index" ]

[node name="menuBubbles" type="Node2D" parent="." index="4"]

[node name="bubble1" type="Sprite" parent="menuBubbles" index="0"]

modulate = Color( 0.738281, 0.461426, 0.461426, 0.491686 )
position = Vector2( 99.0187, 94.4802 )
scale = Vector2( 1.01432, 1.0286 )
texture = ExtResource( 9 )
_sections_unfolded = [ "Visibility" ]

[node name="bubble2" type="Sprite" parent="menuBubbles" index="1"]

modulate = Color( 0.738281, 0.461426, 0.65609, 0.491686 )
position = Vector2( 734.684, 327.47 )
scale = Vector2( 0.840656, 0.889422 )
texture = ExtResource( 9 )
_sections_unfolded = [ "Visibility" ]

[node name="bubble3" type="Sprite" parent="menuBubbles" index="2"]

modulate = Color( 0.502522, 0.461426, 0.738281, 0.491686 )
position = Vector2( 909.89, 87.7995 )
scale = Vector2( 0.507702, 0.516416 )
texture = ExtResource( 9 )
_sections_unfolded = [ "Visibility" ]

[node name="bubble4" type="Sprite" parent="menuBubbles" index="3"]

modulate = Color( 0.461426, 0.738281, 0.621483, 0.491686 )
position = Vector2( 59.0967, 551.073 )
scale = Vector2( 0.690341, 0.723744 )
texture = ExtResource( 9 )
_sections_unfolded = [ "Visibility" ]

[node name="optionsBG" type="Sprite" parent="." index="5"]

modulate = Color( 0.683594, 0.0480652, 0.0480652, 1 )
position = Vector2( 480, 318.493 )
scale = Vector2( 0.385852, 426.481 )
texture = SubResource( 7 )
_sections_unfolded = [ "Transform", "Visibility" ]

[node name="menuSounds" type="AudioStreamPlayer" parent="." index="6"]

stream = null
volume_db = 0.0
pitch_scale = 1.0
autoplay = false
mix_target = 0
bus = "Master"
script = ExtResource( 10 )

[node name="menuMusic" type="AudioStreamPlayer" parent="." index="7"]

stream = ExtResource( 11 )
volume_db = 0.0
pitch_scale = 1.0
autoplay = false
mix_target = 0
bus = "Master"

[node name="Nayra" type="AnimatedSprite" parent="." index="8"]

position = Vector2( 200, 198.493 )
scale = Vector2( 0.384615, 0.357035 )
frames = SubResource( 8 )
animation = "default"

[node name="Label" type="Label" parent="Nayra" index="0"]

anchor_left = 0.0
anchor_top = 0.0
anchor_right = 0.0
anchor_bottom = 0.0
margin_left = -52.0
margin_top = 252.0
margin_right = 113.0
margin_bottom = 316.0
rect_pivot_offset = Vector2( 0, 0 )
rect_clip_content = false
mouse_filter = 2
mouse_default_cursor_shape = 0
size_flags_horizontal = 1
size_flags_vertical = 4
theme = SubResource( 11 )
text = "Nayra"
align = 1
percent_visible = 1.0
lines_skipped = 0
max_lines_visible = -1
_sections_unfolded = [ "Theme" ]

[node name="Ivan" type="AnimatedSprite" parent="." index="9"]

position = Vector2( 370, 198.493 )
scale = Vector2( 0.37579, 0.330049 )
frames = SubResource( 9 )
animation = "default"

[node name="Label" type="Label" parent="Ivan" index="0"]

anchor_left = 0.0
anchor_top = 0.0
anchor_right = 0.0
anchor_bottom = 0.0
margin_left = -106.0
margin_top = 273.0
margin_right = 59.0
margin_bottom = 337.0
rect_pivot_offset = Vector2( 0, 0 )
rect_clip_content = false
mouse_filter = 2
mouse_default_cursor_shape = 0
size_flags_horizontal = 1
size_flags_vertical = 4
theme = SubResource( 11 )
text = "Ivan"
align = 1
percent_visible = 1.0
lines_skipped = 0
max_lines_visible = -1
_sections_unfolded = [ "Theme" ]


