[gd_scene load_steps=24 format=2]

[ext_resource path="res://playMenu.gd" type="Script" id=1]
[ext_resource path="res://assets/art/characters/girl/Dead (26).png" type="Texture" id=2]
[ext_resource path="res://assets/art/characters/girl/Dead (27).png" type="Texture" id=3]
[ext_resource path="res://assets/art/characters/girl/Dead (28).png" type="Texture" id=4]
[ext_resource path="res://assets/art/characters/girl/Dead (29).png" type="Texture" id=5]
[ext_resource path="res://assets/art/characters/girl/Dead (30).png" type="Texture" id=6]
[ext_resource path="res://assets/art/menu/title.png" type="Texture" id=7]
[ext_resource path="res://assets/art/characters/bubble.png" type="Texture" id=8]
[ext_resource path="res://assets/fonts/bubble & soap.ttf" type="DynamicFontData" id=9]
[ext_resource path="res://assets/fonts/Digital_tech.otf" type="DynamicFontData" id=10]
[ext_resource path="res://bubblesounds.gd" type="Script" id=11]
[ext_resource path="res://assets/music/menumusic.ogg" type="AudioStream" id=12]

[sub_resource type="Gradient" id=1]

offsets = PoolRealArray( 0.0236686, 1 )
colors = PoolColorArray( 0.00610352, 0.0506783, 0.15625, 1, 1, 1, 1, 1 )

[sub_resource type="GradientTexture" id=2]

flags = 4
gradient = SubResource( 1 )
width = 2048

[sub_resource type="SpriteFrames" id=3]

animations = [ {
"frames": [ ExtResource( 2 ), ExtResource( 3 ), ExtResource( 4 ), ExtResource( 5 ), ExtResource( 6 ), ExtResource( 5 ), ExtResource( 4 ), ExtResource( 3 ) ],
"loop": true,
"name": "default",
"speed": 3.0
} ]

[sub_resource type="Gradient" id=4]

offsets = PoolRealArray( 0, 0.00591716, 1 )
colors = PoolColorArray( 0, 0, 0, 1, 1, 1, 1, 1, 1, 1, 1, 1 )

[sub_resource type="GradientTexture" id=5]

flags = 4
gradient = SubResource( 4 )
width = 2048

[sub_resource type="DynamicFont" id=6]

size = 40
use_mipmaps = false
use_filter = false
font_data = ExtResource( 9 )
_sections_unfolded = [ "Font", "Settings" ]

[sub_resource type="Theme" id=7]

default_font = SubResource( 6 )

[sub_resource type="Gradient" id=8]

offsets = PoolRealArray( 0, 0.00591716, 0.982249, 1 )
colors = PoolColorArray( 0.0473373, 0.0473373, 0.0473373, 1, 0.546875, 0.416565, 0.416565, 1, 1, 0.695313, 0.695313, 1, 1, 1, 1, 1 )

[sub_resource type="GradientTexture" id=9]

flags = 4
gradient = SubResource( 8 )
width = 2048

[sub_resource type="DynamicFont" id=10]

size = 20
use_mipmaps = false
use_filter = false
font_data = ExtResource( 10 )
_sections_unfolded = [ "Font", "Settings" ]

[sub_resource type="Theme" id=11]

default_font = SubResource( 10 )

[node name="Menu" type="Node2D" index="0"]

position = Vector2( 6.10352e-005, 1.50732 )
script = ExtResource( 1 )
__meta__ = {
"_edit_horizontal_guides_": [  ]
}

[node name="ui" type="CanvasLayer" parent="." index="0"]

layer = 1
offset = Vector2( 0, 0 )
rotation = 0.0
scale = Vector2( 1, 1 )
transform = Transform2D( 1, 0, 0, 1, 0, 0 )

[node name="TouchControl" type="Control" parent="ui" index="0"]

anchor_left = 0.0
anchor_top = 0.0
anchor_right = 0.0
anchor_bottom = 0.0
margin_left = 190.0
margin_top = 127.0
margin_right = 707.0
margin_bottom = 536.0
rect_pivot_offset = Vector2( 0, 0 )
rect_clip_content = false
mouse_filter = 0
mouse_default_cursor_shape = 0
size_flags_horizontal = 1
size_flags_vertical = 1

[node name="background" type="Sprite" parent="." index="1"]

position = Vector2( 516.43, 287.221 )
rotation = 1.57524
scale = Vector2( 0.360117, 1238.51 )
texture = SubResource( 2 )

[node name="AnimatedSprite" type="AnimatedSprite" parent="." index="2"]

position = Vector2( 400.68, 210.973 )
rotation = -0.181677
z_index = 1000
frames = SubResource( 3 )
animation = "default"
frame = 1
playing = true
centered = false
_sections_unfolded = [ "Z Index" ]

[node name="title" type="Sprite" parent="." index="3"]

position = Vector2( 486.022, 53.4457 )
z_index = 100
texture = ExtResource( 7 )
_sections_unfolded = [ "Z Index" ]

[node name="menuBubbles" type="Node2D" parent="." index="4"]

[node name="bubble1" type="Sprite" parent="menuBubbles" index="0"]

modulate = Color( 0.738281, 0.461426, 0.461426, 0.491686 )
position = Vector2( 99.0187, 94.4802 )
scale = Vector2( 1.01432, 1.0286 )
texture = ExtResource( 8 )
_sections_unfolded = [ "Visibility" ]

[node name="bubble2" type="Sprite" parent="menuBubbles" index="1"]

modulate = Color( 0.738281, 0.461426, 0.65609, 0.491686 )
position = Vector2( 734.684, 327.47 )
scale = Vector2( 0.840656, 0.889422 )
texture = ExtResource( 8 )
_sections_unfolded = [ "Visibility" ]

[node name="bubble3" type="Sprite" parent="menuBubbles" index="2"]

modulate = Color( 0.502522, 0.461426, 0.738281, 0.491686 )
position = Vector2( 909.89, 87.7995 )
scale = Vector2( 0.507702, 0.516416 )
texture = ExtResource( 8 )
_sections_unfolded = [ "Visibility" ]

[node name="bubble4" type="Sprite" parent="menuBubbles" index="3"]

modulate = Color( 0.461426, 0.738281, 0.621483, 0.491686 )
position = Vector2( 59.0967, 551.073 )
scale = Vector2( 0.690341, 0.723744 )
texture = ExtResource( 8 )
_sections_unfolded = [ "Visibility" ]

[node name="Options" type="Node2D" parent="." index="5"]

[node name="handicap" type="Node2D" parent="Options" index="0"]

position = Vector2( -1.16638, 48.9868 )

[node name="Sprite" type="Sprite" parent="Options/handicap" index="0"]

modulate = Color( 0.0583992, 0.949219, 0.0296631, 1 )
position = Vector2( 341.663, 232.362 )
scale = Vector2( 0.0250179, 46.4269 )
texture = SubResource( 5 )
_sections_unfolded = [ "Transform", "Visibility" ]

[node name="Sprite2" type="Sprite" parent="Options/handicap" index="1"]

modulate = Color( 0.664904, 0.945313, 0.0480042, 1 )
position = Vector2( 398.164, 232.362 )
scale = Vector2( 0.0250179, 46.4269 )
texture = SubResource( 5 )
_sections_unfolded = [ "Transform", "Visibility" ]

[node name="Sprite3" type="Sprite" parent="Options/handicap" index="2"]

modulate = Color( 0.992188, 0.930418, 0.00387573, 1 )
position = Vector2( 455.832, 232.362 )
scale = Vector2( 0.0250179, 46.4269 )
texture = SubResource( 5 )
_sections_unfolded = [ "Transform", "Visibility" ]

[node name="Sprite4" type="Sprite" parent="Options/handicap" index="3"]

modulate = Color( 0.964844, 0.542725, 0, 1 )
position = Vector2( 513.499, 232.362 )
scale = Vector2( 0.0250179, 46.4269 )
texture = SubResource( 5 )
_sections_unfolded = [ "Transform", "Visibility" ]

[node name="Sprite5" type="Sprite" parent="Options/handicap" index="4"]

modulate = Color( 1, 0, 0, 1 )
position = Vector2( 570, 232.362 )
scale = Vector2( 0.0250179, 46.4269 )
texture = SubResource( 5 )
_sections_unfolded = [ "Transform", "Visibility" ]

[node name="Play" type="Button" parent="Options" index="1"]

modulate = Color( 0.736752, 0.672607, 0.742188, 1 )
self_modulate = Color( 0.929688, 0.759003, 0.903018, 1 )
show_behind_parent = true
anchor_left = 0.0
anchor_top = 0.0
anchor_right = 0.0
anchor_bottom = 0.0
margin_left = 260.0
margin_top = 118.0
margin_right = 640.0
margin_bottom = 208.0
rect_pivot_offset = Vector2( 0, 0 )
rect_clip_content = false
focus_mode = 2
mouse_filter = 0
mouse_default_cursor_shape = 0
size_flags_horizontal = 1
size_flags_vertical = 1
theme = SubResource( 7 )
toggle_mode = false
enabled_focus_mode = 2
shortcut = null
group = null
text = "KEY_NEWGAME"
flat = false
align = 1
_sections_unfolded = [ "Theme", "Visibility" ]

[node name="Control" type="Control" parent="Options/Play" index="0"]

anchor_left = 0.0
anchor_top = 0.0
anchor_right = 0.0
anchor_bottom = 0.0
margin_right = 381.0
margin_bottom = 91.0
rect_pivot_offset = Vector2( 0, 0 )
rect_clip_content = false
mouse_filter = 0
mouse_default_cursor_shape = 0
size_flags_horizontal = 1
size_flags_vertical = 1

[node name="Difficulty" type="Button" parent="Options" index="2"]

modulate = Color( 0.736752, 0.672607, 0.742188, 1 )
self_modulate = Color( 0.929688, 0.759003, 0.903018, 1 )
show_behind_parent = true
anchor_left = 0.0
anchor_top = 0.0
anchor_right = 0.0
anchor_bottom = 0.0
margin_left = 261.0
margin_top = 210.0
margin_right = 641.0
margin_bottom = 256.0
rect_pivot_offset = Vector2( 0, 0 )
rect_clip_content = false
focus_mode = 2
mouse_filter = 0
mouse_default_cursor_shape = 0
size_flags_horizontal = 1
size_flags_vertical = 1
theme = SubResource( 7 )
toggle_mode = false
enabled_focus_mode = 2
shortcut = null
group = null
text = "KEY_DIFFICULTY"
flat = false
align = 1
_sections_unfolded = [ "Theme", "Visibility" ]

[node name="Control" type="Control" parent="Options/Difficulty" index="0"]

anchor_left = 0.0
anchor_top = 0.0
anchor_right = 0.0
anchor_bottom = 0.0
margin_right = 381.0
margin_bottom = 91.0
rect_pivot_offset = Vector2( 0, 0 )
rect_clip_content = false
mouse_filter = 0
mouse_default_cursor_shape = 0
size_flags_horizontal = 1
size_flags_vertical = 1

[node name="handicapup" type="Button" parent="Options" index="3"]

modulate = Color( 0.736752, 0.672607, 0.742188, 1 )
self_modulate = Color( 0.929688, 0.759003, 0.903018, 1 )
show_behind_parent = true
anchor_left = 0.0
anchor_top = 0.0
anchor_right = 0.0
anchor_bottom = 0.0
margin_left = 596.0
margin_top = 258.0
margin_right = 640.0
margin_bottom = 304.0
rect_pivot_offset = Vector2( 0, 0 )
rect_clip_content = false
focus_mode = 2
mouse_filter = 0
mouse_default_cursor_shape = 0
size_flags_horizontal = 1
size_flags_vertical = 1
theme = SubResource( 7 )
toggle_mode = false
enabled_focus_mode = 2
shortcut = null
group = null
text = "+"
flat = false
align = 1
_sections_unfolded = [ "Theme", "Visibility" ]

[node name="Control" type="Control" parent="Options/handicapup" index="0"]

anchor_left = 0.0
anchor_top = 0.0
anchor_right = 0.0
anchor_bottom = 0.0
margin_right = 46.0
margin_bottom = 48.0
rect_pivot_offset = Vector2( 0, 0 )
rect_clip_content = false
mouse_filter = 0
mouse_default_cursor_shape = 0
size_flags_horizontal = 1
size_flags_vertical = 1

[node name="handicapdown" type="Button" parent="Options" index="4"]

modulate = Color( 0.736752, 0.672607, 0.742188, 1 )
self_modulate = Color( 0.929688, 0.759003, 0.903018, 1 )
show_behind_parent = true
anchor_left = 0.0
anchor_top = 0.0
anchor_right = 0.0
anchor_bottom = 0.0
margin_left = 260.0
margin_top = 259.0
margin_right = 313.0
margin_bottom = 305.0
rect_pivot_offset = Vector2( 0, 0 )
rect_clip_content = false
focus_mode = 2
mouse_filter = 0
mouse_default_cursor_shape = 0
size_flags_horizontal = 1
size_flags_vertical = 1
theme = SubResource( 7 )
toggle_mode = false
enabled_focus_mode = 2
shortcut = null
group = null
text = "-"
flat = false
align = 1
_sections_unfolded = [ "Theme", "Visibility" ]

[node name="Control" type="Control" parent="Options/handicapdown" index="0"]

anchor_left = 0.0
anchor_top = 0.0
anchor_right = 0.0
anchor_bottom = 0.0
margin_right = 45.0
margin_bottom = 47.0
rect_pivot_offset = Vector2( 0, 0 )
rect_clip_content = false
mouse_filter = 0
mouse_default_cursor_shape = 0
size_flags_horizontal = 1
size_flags_vertical = 1

[node name="Continue" type="Button" parent="Options" index="5"]

modulate = Color( 0.736752, 0.672607, 0.742188, 1 )
self_modulate = Color( 0.929688, 0.759003, 0.903018, 1 )
show_behind_parent = true
anchor_left = 0.0
anchor_top = 0.0
anchor_right = 0.0
anchor_bottom = 0.0
margin_left = 258.0
margin_top = 308.0
margin_right = 638.0
margin_bottom = 398.0
rect_pivot_offset = Vector2( 0, 0 )
rect_clip_content = false
focus_mode = 2
mouse_filter = 0
mouse_default_cursor_shape = 0
size_flags_horizontal = 1
size_flags_vertical = 1
theme = SubResource( 7 )
toggle_mode = false
enabled_focus_mode = 2
shortcut = null
group = null
text = "KEY_CONTINUE"
flat = false
align = 1
_sections_unfolded = [ "Theme", "Visibility" ]

[node name="Control" type="Control" parent="Options/Continue" index="0"]

anchor_left = 0.0
anchor_top = 0.0
anchor_right = 0.0
anchor_bottom = 0.0
margin_right = 381.0
margin_bottom = 91.0
rect_pivot_offset = Vector2( 0, 0 )
rect_clip_content = false
mouse_filter = 0
mouse_default_cursor_shape = 0
size_flags_horizontal = 1
size_flags_vertical = 1

[node name="Sprite" type="Sprite" parent="Options/Continue" index="1"]

position = Vector2( 190.884, 157.929 )
scale = Vector2( 0.185736, 137.063 )
texture = SubResource( 9 )
_sections_unfolded = [ "Transform" ]

[node name="Label" type="Label" parent="Options/Continue" index="2"]

anchor_left = 0.0
anchor_top = 0.0
anchor_right = 0.0
anchor_bottom = 0.0
margin_left = 12.0
margin_top = 140.0
margin_right = 246.0
margin_bottom = 180.0
rect_pivot_offset = Vector2( 0, 0 )
rect_clip_content = false
mouse_filter = 2
mouse_default_cursor_shape = 0
size_flags_horizontal = 1
size_flags_vertical = 4
theme = SubResource( 11 )
text = "KEY_LIVES"
percent_visible = 1.0
lines_skipped = 0
max_lines_visible = -1
_sections_unfolded = [ "Theme" ]

[node name="Label3" type="Label" parent="Options/Continue" index="3"]

anchor_left = 0.0
anchor_top = 0.0
anchor_right = 0.0
anchor_bottom = 0.0
margin_left = 12.0
margin_top = 100.0
margin_right = 246.0
margin_bottom = 140.0
rect_pivot_offset = Vector2( 0, 0 )
rect_clip_content = false
mouse_filter = 2
mouse_default_cursor_shape = 0
size_flags_horizontal = 1
size_flags_vertical = 4
theme = SubResource( 11 )
text = "KEY_LEVEL"
percent_visible = 1.0
lines_skipped = 0
max_lines_visible = -1
_sections_unfolded = [ "Theme" ]

[node name="level" type="Label" parent="Options/Continue" index="4"]

modulate = Color( 0.563599, 0.949219, 0, 1 )
anchor_left = 0.0
anchor_top = 0.0
anchor_right = 0.0
anchor_bottom = 0.0
margin_left = 222.0
margin_top = 100.0
margin_right = 456.0
margin_bottom = 140.0
rect_pivot_offset = Vector2( 0, 0 )
rect_clip_content = false
mouse_filter = 2
mouse_default_cursor_shape = 0
size_flags_horizontal = 1
size_flags_vertical = 4
theme = SubResource( 11 )
text = "0"
percent_visible = 1.0
lines_skipped = 0
max_lines_visible = -1
_sections_unfolded = [ "Theme", "Visibility" ]

[node name="score" type="Label" parent="Options/Continue" index="5"]

modulate = Color( 0.563599, 0.949219, 0, 1 )
anchor_left = 0.0
anchor_top = 0.0
anchor_right = 0.0
anchor_bottom = 0.0
margin_left = 222.0
margin_top = 180.0
margin_right = 456.0
margin_bottom = 220.0
rect_pivot_offset = Vector2( 0, 0 )
rect_clip_content = false
mouse_filter = 2
mouse_default_cursor_shape = 0
size_flags_horizontal = 1
size_flags_vertical = 4
theme = SubResource( 11 )
text = "0"
percent_visible = 1.0
lines_skipped = 0
max_lines_visible = -1
_sections_unfolded = [ "Theme", "Visibility" ]

[node name="lives" type="Label" parent="Options/Continue" index="6"]

modulate = Color( 0.563599, 0.949219, 0, 1 )
anchor_left = 0.0
anchor_top = 0.0
anchor_right = 0.0
anchor_bottom = 0.0
margin_left = 222.0
margin_top = 140.0
margin_right = 456.0
margin_bottom = 180.0
rect_pivot_offset = Vector2( 0, 0 )
rect_clip_content = false
mouse_filter = 2
mouse_default_cursor_shape = 0
size_flags_horizontal = 1
size_flags_vertical = 4
theme = SubResource( 11 )
text = "0"
percent_visible = 1.0
lines_skipped = 0
max_lines_visible = -1
_sections_unfolded = [ "Theme", "Visibility" ]

[node name="Label2" type="Label" parent="Options/Continue" index="7"]

anchor_left = 0.0
anchor_top = 0.0
anchor_right = 0.0
anchor_bottom = 0.0
margin_left = 12.0
margin_top = 180.0
margin_right = 246.0
margin_bottom = 220.0
rect_pivot_offset = Vector2( 0, 0 )
rect_clip_content = false
mouse_filter = 2
mouse_default_cursor_shape = 0
size_flags_horizontal = 1
size_flags_vertical = 4
theme = SubResource( 11 )
text = "KEY_SCORE"
percent_visible = 1.0
lines_skipped = 0
max_lines_visible = -1
_sections_unfolded = [ "Theme" ]

[node name="Back" type="Button" parent="Options" index="6"]

modulate = Color( 0.736752, 0.672607, 0.742188, 1 )
self_modulate = Color( 0.929688, 0.759003, 0.903018, 1 )
show_behind_parent = true
anchor_left = 0.0
anchor_top = 0.0
anchor_right = 0.0
anchor_bottom = 0.0
margin_left = 260.0
margin_top = 534.0
margin_right = 640.0
margin_bottom = 598.0
rect_pivot_offset = Vector2( 0, 0 )
rect_clip_content = false
focus_mode = 2
mouse_filter = 0
mouse_default_cursor_shape = 0
size_flags_horizontal = 1
size_flags_vertical = 1
theme = SubResource( 7 )
toggle_mode = false
enabled_focus_mode = 2
shortcut = null
group = null
text = "KEY_BACK"
flat = false
align = 1
_sections_unfolded = [ "Theme", "Visibility" ]

[node name="Control" type="Control" parent="Options/Back" index="0"]

anchor_left = 0.0
anchor_top = 0.0
anchor_right = 0.0
anchor_bottom = 0.0
margin_left = -1.0
margin_top = -2.0
margin_right = 380.0
margin_bottom = 89.0
rect_pivot_offset = Vector2( 0, 0 )
rect_clip_content = false
mouse_filter = 0
mouse_default_cursor_shape = 0
size_flags_horizontal = 1
size_flags_vertical = 1

[node name="menuSounds" type="AudioStreamPlayer" parent="." index="6"]

stream = null
volume_db = 0.0
pitch_scale = 1.0
autoplay = false
mix_target = 0
bus = "Master"
script = ExtResource( 11 )

[node name="menuMusic" type="AudioStreamPlayer" parent="." index="7"]

stream = ExtResource( 12 )
volume_db = 0.0
pitch_scale = 1.0
autoplay = false
mix_target = 0
bus = "Master"


