[gd_scene load_steps=8 format=2]

[ext_resource path="res://portal.gd" type="Script" id=1]
[ext_resource path="res://assets/art/characters/PORTAL/tile000.png" type="Texture" id=2]
[ext_resource path="res://assets/art/characters/PORTAL/tile001.png" type="Texture" id=3]
[ext_resource path="res://assets/art/characters/PORTAL/tile002.png" type="Texture" id=4]
[ext_resource path="res://assets/sounds/portal.ogg" type="AudioStream" id=5]

[sub_resource type="SpriteFrames" id=1]

animations = [ {
"frames": [ ExtResource( 2 ), ExtResource( 3 ), ExtResource( 4 ), ExtResource( 2 ), ExtResource( 3 ), ExtResource( 4 ), ExtResource( 2 ), ExtResource( 3 ), ExtResource( 4 ), ExtResource( 2 ), ExtResource( 3 ), ExtResource( 4 ), ExtResource( 2 ), ExtResource( 3 ), ExtResource( 4 ) ],
"loop": true,
"name": "default",
"speed": 5.0
} ]

[sub_resource type="RectangleShape2D" id=2]

custom_solver_bias = 0.0
extents = Vector2( 10, 10 )

[node name="Portal" type="Area2D" index="0"]

input_pickable = true
gravity_vec = Vector2( 0, 1 )
gravity = 98.0
linear_damp = 0.1
angular_damp = 1.0
audio_bus_override = false
audio_bus_name = "Master"
script = ExtResource( 1 )

[node name="Sprite" type="AnimatedSprite" parent="." index="0"]

position = Vector2( 0, 10 )
scale = Vector2( 2.0625, 1.75 )
frames = SubResource( 1 )
animation = "default"
frame = 8
playing = true
_sections_unfolded = [ "Visibility" ]

[node name="CollisionShape2D" type="CollisionShape2D" parent="." index="1"]

visible = false
position = Vector2( 2.28882e-005, -10 )
scale = Vector2( 11.5385, 7.69231 )
shape = SubResource( 2 )

[node name="sounds" type="AudioStreamPlayer" parent="." index="2"]

stream = ExtResource( 5 )
volume_db = 0.0
pitch_scale = 1.5
autoplay = false
mix_target = 0
bus = "Master"

[connection signal="body_entered" from="." to="." method="_on_wind_body_entered"]


